@comment{Updated: 04-Mar-98: added AMAI}

%******** JOURNALS *********
@STRING{amai  = "Annals of Mathematics and Artificial Intelligence"}
@STRING{aai   = "Applied Artificial Intelligence"}
@STRING{ai    = "Artificial Intelligence"}
@STRING{aij    = "Artificial Intelligence"}
@STRING{aicom = "AI Communications"}
@STRING{aim   = "The AI Magazine"}
@STRING{cacm  = "Communications of the ACM"}
@STRING{cl    = "Computational Linguistics"}
@STRING{ci    = "Computational Intelligence"}
@STRING{cog   = "Cognition"}
@STRING{cp    = "Cognitive Psychology"}
@STRING{cs    = "Cognitive Science"}
@STRING{fmsd    = "Formal Methods in System Design"}
@STRING{ijmms = "International Journal of Man-Machine Studies"}
@STRING{ipl   = "Information Processing Letters"}
@STRING{jacm  = "Journal of the Association for Computing Machinery"}
@STRING{jair  = "Journal of Artificial Intelligence Research"}
@STRING{jar   = "Journal of Automated Reasoning"}
@STRING{jcss  = "Journal of Computer and System Sciences"}
@STRING{jetai = "Journal of Experimental and Theoretical Artificial
		  Intelligence"}
@STRING{jlap = "Journal of Logical and Algebraic Methods in Programming"}
@STRING{jlp   = "The Journal of Logic Programming"}
@STRING{jp    = "The Journal of Philosophy"}
@STRING{jpl   = "Journal of Philosophical Logic"}
@STRING{jsl   = "Journal of Symbolic Logic"}
@STRING{jsc   = "Journal of Symbolic Computation"}
@STRING{jws   = "Journal of Web Semantics"}
@STRING{ker   = "Knowledge Engineering Review"}
@STRING{ki   = "KI -- K{\"u}nstliche Intelligenz"}
@STRING{lmcs  = "Logical Methods in Computer Science"}
@STRING{lilt    = "Linguistic Issues in Language Technology"}
@STRING{lp    = "Linguistics and Philosophy"}
@STRING{NGC   = "New Generation Computing"}
@STRING{phr   = "Philosophical Review"}
@STRING{psr   = "Psychological Review"}
@STRING{sigart= "SIGART Newsletter"}
@STRING{sicomp= "SIAM Journal on Computing"}
@STRING{syn   = "Synthese"}
@STRING{sttt   = "International Journal on Software Tools for Technology Transfer"}
@STRING{tcs   = "Theoretical Computer Science"}
@STRING{theo  = "Theoria"}
@STRING{tods  = "ACM Transactions on Database Systems"}
@STRING{toplas= "ACM Transactions on Programming Languages and Systems"}
@String{ieeecomp = "IEEE Transactions on Computers"}

 
%******** PUBLISHERS *********
@STRING{abl      = "Ablex"}
@STRING{add      = "Addison-Wesley"}
@STRING{ap       = "Academic Press"}
@STRING{bbn      = "Bolt, Beranek, and Newman, Inc."}
@STRING{ben	 = "Benjamin/Cummings"}
@STRING{chup     = "Chicago University Press"}
@STRING{csli     = "Center for the Study of Language and Information"}
@STRING{cup      = "Cambridge University Press"}
@STRING{erl      = "Erlbaum"}
@STRING{eup      = "Edinburgh University Press"}
@STRING{hup      = "Harvard University Press"}
@STRING{IRIT     = "Institut de Recherche en Informatique de Toulouse,
		  Universit{\'e} Paul Sabatier"}
@STRING{isi      = "University of Southern California, Information Science Institute"}
@STRING{kauf     = "Morgan Kaufmann"} 
@STRING{kluwer   = "Kluwer"}
@STRING{konz     = "Zentrum Philosophie und Wissenschaftstheorie,
		  Universit{\"a}t Konstanz"}
@STRING{link     = "Department of Computer and Information Science,
Link{\"o}ping University"}
@STRING{mcgh	 = "McGraw-Hill"}
@STRING{mit      = "MIT Press"}
@STRING{nh       = "North-Holland"}
@STRING{oup      = "Oxford University Press"}
@STRING{prentice = "Prentice-Hall"}
@STRING{pit      = "Pitman"}
@STRING{reid     = "Reidel"}
@STRING{spring   = "Springer-Verlag"}
@STRING{ti	 = "Tioga"}
@STRING{tub	 = "Department of Computer Science, 
		    Technische Universit{\"a}t Berlin"}
@STRING{sri      = "SRI International, Artificial Intelligence Center"}
@string{utoronto = "Computer Science Department, University of Toronto"}
@STRING{wil      = "Wiley"}
@string{dfki     = "German Research Center for Artificial Intelligence (DFKI)"}
@string{dopp	 = "Christian Doppler Labor, Technische Universit{\"a}t Wien"}
@STRING{iwbs     = "IWBS, IBM Germany"}
@STRING{wk       = "William Kaufmann"}

@STRING{lnai     = "{L}ecture {N}otes in {A}rtificial {I}ntelligence"}
@STRING{lncs     = "{L}ecture {N}otes in {C}omputer {S}cience"}

@string{rkit     = "{KIT} {R}eport"}
@string{rlilog   = "{LILOG} {R}eport"}
@string{riwbs    = "{IWBS} {R}eport"}
@string{rrdfki    = "{DFKI} {R}esearch {R}eport"}
@string{tmdfki    = "{DFKI} {T}echnical {M}emo"}
@string{ddfki    = "{DFKI} {D}ocument"}
@string{rr       = "{R}esearch {R}eport"}
 
%******** ADDRESSES **********
@STRING{ablort      = "Norwood, NJ"}
@STRING{iwbsort     = "Stuttgart"}
@STRING{addort      = "Reading, MA"}
@STRING{addortger   = "Bonn, Germany"}
@STRING{aport       = "New York, NY"}
@STRING{bbnort	    = "Cambridge, MA"}
@STRING{benort	    = "Menlo Park, CA"}
@STRING{chuport     = "Chicago, IL"}
@STRING{csliort     = "Stanford University, Stanford, CA"}
@STRING{cuport      = "Cambridge, UK"}
@STRING{erlort      = "Hillsdale, NJ"}
@STRING{euport      = "Edinburgh, UK"}
@STRING{huport      = "Cambridge, MA"}
@string{iritort     = "Toulouse, France"}
@STRING{isiort      = "Marina del Rey, CA"}
@STRING{kaufort     = "San Francisco, CA"}
@string{nkaufort    = "San Francisco, CA"}
@string{kluwerort   = "Dordrecht, Holland"}
@STRING{konzort     = "Konstanz, Germany"}
@string{linkort     = "Link{\"o}ping, Sweden"}
@STRING{mcghort	    = "New York, NY"}
@STRING{mitort      = "Cambridge, MA"}
@STRING{nhort       = "Amsterdam, Holland"}
@STRING{ouport      = "Oxford, UK"}
@STRING{pitort      = "London, UK"}
@STRING{prenticeort = "Englewood Cliffs, NJ"}
@STRING{reidort     = "Dordrecht, Holland"}
@STRING{springort   = "Berlin,  Heidelberg, New York"}
@STRING{sriort      = "Menlo Park, CA"}
@STRING{tiort	      = "Palo Alto, CA"}
@STRING{tubort	     = "Berlin,  Germany"}
@STRING{wilort      = "Chichester, England"}
@STRING{dfkikl      = "Kaiserslautern"}
@STRING(dfkisb      = {Saarbr\"ucken})
@STRING(dopport	    = "Vienna, Austria")
@STRING(utorontoort = "Toronto, Ont.")
 




