@comment{updated: 07-Jan-01: KIFS}
@comment{updated: 13-Jun-98: ECAI98}
@comment{updated: 13-Jun-98: Einige Conf. Proc. fuer admissibility paper}
@comment{updated: 01-Jun-98: Einige Buecher mit ISBN}
@comment{Updated: 04-Mar-98: Planning Book}
@comment{Updated: 29-Sep-94: KI-94}

%%%%%%%%%%%%%%%%%%%%%%%%%%%%%%%%%%%%%%%%%%%%
%%%%%%%%%% Books                  %%%%%%%%%%
%%%%%%%%%%%%%%%%%%%%%%%%%%%%%%%%%%%%%%%%%%%%

@Proceedings{icaart12,
  booktitle =	"Proceedings of the 4th International
		 Conference on Agents and Artificial Intelligence (ICAART'12)"
  ,
  address = "Vilamoura, Algarve, Portugal",
  month = Feb,
  publisher =	"SciTePress",
  year = 	"2012",
  editor =	"Joaquim Filipe and Ana L. N. Fred",
}

@Proceedings{ecml06,
  editor =       "Johannes F{\"u}rnkranz and Tobias Scheffer and
                  Myra Spiliopoulou",
  booktitle =    "Proceedings of the 17th European Conference on Machine
                  Learning (ECML 2006)",
  publisher =    "Springer-Verlag",
  series =       lncs,
  volume =       "4212",
  year =         "2006"
}

@proceedings{cig11,
  editor =		"Sung-Bae Cho and Simon M. Lucas and Philip Hingston",
  title =		"Proceedings of the 2011 {IEEE} Conference on
				 Computational Intelligence and Games (CIG 2011)",
  booktitle =	"Proceedings of the 2011 {IEEE} Conference on
				 Computational Intelligence and Games (CIG 2011)",
  address =		"Seoul, South Korea",
  month =		Sep,
  publisher =	"IEEE",
  year = 		"2011"
}

@proceedings{aamas09,
  editor =	"Carles Sierra and Cristiano Castelfranchi and Keith S.
		 Decker and Jaime Sim{\~a}o Sichman",
  title =	"Proceedings of the 8th International Joint Conference on Autonomous Agents and Multiagent Systems (AAMAS'09)",
  booktitle =	"Proceedings of the 8th International Joint Conference on Autonomous Agents and Multiagent Systems (AAMAS'09)",
  address = "Budapest, Hungary",
  month = May,
  publisher =	"IFAAMAS",
  year = 	"2009",
}

@proceedings{aamas10,
  editor    = {Wiebe van der Hoek and
               Gal A. Kaminka and
               Yves Lesp{\'e}rance and
               Michael Luck and
               Sandip Sen},
  title     = {Proceedings of the 9th International Conference on Autonomous Agents and Multiagent
               Systems (AAMAS'10)},
  booktitle = {Proceedings of the 9th International Conference on Autonomous Agents and Multiagent
               Systems (AAMAS'10)},
  publisher = {IFAAMAS},
  year      = {2010},
}

@proceedings{aamas12,
  editor    = {Wiebe van der Hoek and
               Lin Padgham and
               Vincent Conitzer and
               Michael Winikoff},
  title     = {Proceedings of the 11th International Conference on Autonomous Agents and Multiagent
               Systems (AAMAS'12)},
  booktitle     = {Proceedings of the 11th International Conference on Autonomous Agents and Multiagent
               Systems (AAMAS'12)},
  year      = {2012},
  publisher = {{IFAAMAS}},
}

@Book{minker:lbai-00,
  editor =	 {Jack Minker},
  title = 	 {Logic-Based Aritifical Intelligence},
  booktitle = 	 {Logic-Based Aritifical Intelligence},
  publisher = 	 kluwer,
  year = 	 {2000},
  address =	 kluwerort,
  note =	 {To appear},
}

@Book{deduktions-systeme,
  editor =	 {K.-H. Bl{\"a}sius and H.-J. B{\"u}rckert},
  title = 	 {Deduktionssysteme},
  booktitle = 	 {Deduktionssysteme},
  publisher = 	 {Oldenbourg},
  year = 	 {1987},
  address =	 {M{\"u}nchen},
}

@Book{spatial:cognition:98,
  title = 	 {Spatial Cognition},
  publisher = 	 spring,
  year = 	 {1998},
  editor =	 {C. Freksa and C. Habel and K. F. Wender},
  volume =	 {1404},
  series =	 LNCS,
  address =	 springort,
  ISBN =         "3-540-64603-5"
}

@Book{probabilistic:reader,
  title = 	 {Readings in Uncertain Reasoning},
  booktitle = 	 {Readings in Uncertain Reasoning},
  publisher = 	 kauf,
  year = 	 {1990},
  editor =	 {G. Shafer and J. Pearl},
  address =	 kaufort,
}

@Book{maes:90,
  title = 	 "Designing Autonomous Agents: Theory and Practice
		  from Biology to Engineering and Back",
  booktitle = 	 "Designing Autonomous Agents: Theory and Practice
		  from Biology to Engineering and Back",
  publisher = 	 mit,
  year = 	 1990,
  editor =	 "Pattie Maes",
  address =	 mitort,
}


@Book{snai-92,
  editor =       "F. Lehmann",
  title = 	 "Semantic Networks in Artificial Intelligence",
  booktitle = 	 "Semantic Networks in Artificial Intelligence",
  publisher = 	 "Pergamon Press",
  year = 	 "1992",
  address = 	 "",
  note = 	 "",
}


@book{foundations-kr-94,
  editor = "Gerhard Lakemeyer and Bernhard Nebel",
  booktitle = "Foundations of Knowledge Representation", 
  title = "Foundations of Knowledge Representation", 
  publisher = spring,
  address = springort,
  series = lnai,
  volume = 810,
  year = 1994
}

@book{htcsa90,
  title = {Handbook of Theoretical Computer Science, Vol.~A},
  booktitle = {Handbook of Theoretical Computer Science, Vol.~A},
  editor = {J. van Leeuwen},
  publisher = mit,
  adress = mitort,
  year = 1990,
  keywords = "complexity",
  location = "BN copy",
}

@Proceedings{htcsb90,
  title     =    "Handbook of Theoretical Computer Science,
                  Volume B: Formal Models and Sematics",
  booktitle =    "Handbook of Theoretical Computer Science,
                  Volume B: Formal Models and Sematics",
  editor =       "Jan van Leeuwen",
  publisher =    "Elsevier and MIT Press",
  year =         "1990"
}

@proceedings{mfcs00,
  editor    = {Mogens Nielsen and
               Branislav Rovan},
  title     = {Mathematical Foundations of Computer Science 2000, 25th International
               Symposium, {MFCS} 2000, Bratislava, Slovakia, August 28 - September
               1, 2000, Proceedings},
  series    = {Lecture Notes in Computer Science},
  volume    = {1893},
  publisher = {Springer},
  year      = {2000},
}

@proceedings{concur95,
  editor    = {Insup Lee and
               Scott A. Smolka},
  title     = {{CONCUR} '95: Concurrency Theory, 6th International Conference, Philadelphia,
               PA, USA, August 21-24, 1995, Proceedings},
  series    = {Lecture Notes in Computer Science},
  volume    = {962},
  publisher = {Springer},
  year      = {1995},
}

@Book{konstanz91,
  title = "The Logic of Theory Change",
  booktitle = "The Logic of Theory Change",
  publisher = spring,
  year = 1991,
  editor = "Fuhrmann, A. and Morreau, M.",
  series = LNAI,
  volume = 465,
  address = springort,
  keywords = "revision, nmr",
  location = "?"
}

@Book{intelligent:multi:media,
  title = 	 "Intelligent Multi Media",
  booktitle = 	 "Intelligent Multi Media",
  publisher = 	 "AAAI Press",
  year = 	 1993,
  editor = 	 "M. Maybury",
  volume = 	 "",
  number = 	 "",
  series = 	 "",
  address = 	 "Menlo Park, CA",
  edition = 	 "",
  month = 	 "",
  ISBN = 	 "",
  note = 	 "",
  annote = 	 ""
}

@Book{allen:et:al:91,
  title = 	 "Reasoning about Plans",
  booktitle = 	 "Reasoning about Plans",
  publisher = 	 kauf,
  year = 	 1991,
  editor = 	 "Allen, James F. and Henry A. Kautz and Richard N.
		  Pelavin and Josh D. Tenenberg",
  address = 	 nkaufort,
  ISBN = 	 "1-55860-137-6",
}


@Book{temporal:logics,
  title = 	 "Temporal Logics and their Applications",
  booktitle = 	 "Temporal Logics and their Applications",
  publisher = 	 ap,
  year = 	 1987,
  editor = 	 "Galton, Antony",
  address = 	 aport,
}

@Book{philosophical:logic,
  title = 	 "Handbook of Philosophical Logic",
  booktitle = 	 "Handbook of Philosophical Logic",
  publisher = 	 reid,
  year = 	 1984,
  editor = 	 "Gabbay, D. and F. Guenther",
  volume = 	 "II",
  address = 	 reidort,
}


@Book{logic:ai:handbook:vol:4,
  title = 	 "Handbook of Logic in Artificial Intelligence and
		  Logic Programming -- Vol.~4",
  booktitle = 	 "Handbook of Logic in Artificial Intelligence and
		  Logic Programming -- Vol.~4",
  publisher = 	 oup,
  year = 	 "1995",
  editor =	 "D. M. Gabbay and C. J. Hogger and J. A. Robinson",
  address =	 ouport,
  edition = 	 "",
}

@Book{logic:ai:handbook:vol:1,
  title = 	 "Handbook of Logic in Artificial Intelligence and Logic Programming -- Vol.~1: Logical Foundations",
  booktitle = 	 "Handbook of Logic in Artificial Intelligence and Logic Programming -- Vol.~1: Logical Foundations",
  year = 	 "1993",
  editor =	 "D. M. Gabbay and C. J. Hogger and J. A. Robinson",
  publisher = 	 oup,
  address =	 ouport,
}

@Book{logic:ai:handbook:vol:3,
  title = 	 "Handbook of Logic in Artificial Intelligence and
		  Logic Programming  -- Vol.~3: Nonmonotonic Reasoning
		  and Uncertain Reasoning",
  booktitle = 	 "Handbook of Logic in Artificial Intelligence and
		  Logic Programming  -- Vol.~3: Nonmonotonic Reasoning
		  and Uncertain Reasoning",
  publisher = 	 oup,
  year = 	 "1994",
  editor =	 "D. M. Gabbay and C. J. Hogger and J. A. Robinson and
		  D. Nute",
  address =	 ouport,
  edition = 	 "",
}


@book{planning:reader,
	EDITOR = {James F. Allen and James Hendler and Austin Tate},
        booktitle = {Readings in Planning},
	TITLE = {Readings in Planning},
        PUBLISHER = kauf,
	ADDRESS = nkaufort,
        YEAR = 1990}

@BOOK{kr:reader,
	EDITOR = {Brachman, Ronald J. and Hector J. Levesque},
	TITLE = {Readings in Knowledge Representation},
	ADDRESS = kaufort,
	PUBLISHER = kauf,
	YEAR = 1985,
	LOCATION = {BN}}

@BOOK{conceptual:modelling,
	EDITOR = {Brodie, Michael L. and John Mylopoulos and
		Joachim W. Schmidt},
	TITLE = {On Conceptual Modelling},
        BOOKTITLE = {On Conceptual Modelling},
	ADDRESS = springort,
	PUBLISHER = spring,
	YEAR = 1984}


@BOOK{kbms,
	EDITOR = {Brodie, Michael L. and John Mylopoulos},
	TITLE = {On Knowl\-edge Base Management Systems},
	BOOKTITLE = {On Knowl\-edge Base Management Systems},
	ADDRESS = springort,
	PUBLISHER = Spring,
	YEAR = 1986,
	LOCATION = {BN}}

@Book{ai:db:reader,
    TITLE =     {Readings in Artificial Intelligence and
                Databases},
    BOOKTITLE = {Readings in Artificial Intelligence and
                Databases},
    PUBLISHER = kauf,
    YEAR = 1988,
    EDITOR = {M. L. Brodie and J. Mylopoulos},
    ADDRESS = nkaufort}

@BOOK{associative:networks,
	EDITOR = {N. V. Findler},
	TITLE = {Associative Networks: Representation and Use of
		Knowledge by Computers},
	BOOKTITLE = {Associative Networks: Representation and Use of
		     Knowledge by Computers},
	ADDRESS = aport,
	PUBLISHER = ap,
	YEAR = 1979}


@Book{belief:revision:92,
  title = 	 "Belief Revision",
  booktitle =    "Belief Revision",
  publisher = 	 cup,
  year = 	 1992,
  editor = 	 "P. G{\"a}rdenfors",
  volume = 	 29,
  number = 	 "",
  series = 	 "Cambridge Tracts in Theoretical Computer Science",
  address = 	 cuport,
  ISBN = 	 "0 521 41260 9",
}
@BOOK{nonmonotonic:reader,
	EDITOR = {Ginsberg, Matthew L.},
	TITLE = {Readings in Nonmonotonic Reasoning},
	BOOKTITLE = {Readings in Nonmonotonic Reasoning},
	ADDRESS = kaufort,
	PUBLISHER = kauf,
	YEAR = 1987,
	LOCATION = {BN}}


@Book{mind:design,
	EDITOR = {J. Haugeland},
        Title = {Mind Design},
	BOOKTITLE = {Mind Design},
	ADDRESS = mitort,
	PUBLISHER = mit,
	YEAR = 1981}

@BOOK{formal:commonsense,
	Editor = {Hobbs, J. R. and R. C. Moore},
	TITLE = {Formal Theories of the Commonsense World},
	BOOKTITLE = {Formal Theories of the Commonsense World},
	ADDRESS = ablort,
	PUBLISHER = abl,
	YEAR = 1985,
	LOCATION = {BN, copy of book}}

@Book{lilog:91,
	BOOKTITLE = {Text Understanding in {LILOG}},
	TITLE = {Text Understanding in {LILOG}},
	EDITOR = {Otthein Herzog and Claus-Rainer Rollinger},
        SERIES = {Lecture Notes in Artificial Intelligence},
        VOLUME = 546,
	PUBLISHER = spring,
	ADDRESS = springort,
	YEAR = 1991}

@Book{amr:vol1,
  title = 	 "Autonomous Mobile Robots, Vol.~1",
  booktitle = 	 "Autonomous Mobile Robots, Vol.~1",
  publisher = 	 "IEEE Computer Society Press",
  year = 	 "1991",
  editor = 	 "Iyengar, S. Sitharama and Elfes, Alberto",
  address = 	 "Los Alamitos, CA",
  ISBN = 	 "0-8186-9018-6",
  keywords =  "robotics",
  location =  "DFKI Bib."
}

@Book{amr:vol2,
  title = 	 "Autonomous Mobile Robots, Vol.~2",
  booktitle = 	 "Autonomous Mobile Robots, Vol.~2",
  publisher = 	 "IEEE Computer Society Press",
  year = 	 "1991",
  editor = 	 "Iyengar, S. Sitharama and Elfes, Alberto",
  address = 	 "Los Alamitos, CA",
  ISBN = 	 "0-8186-9116-6",
  keywords =  "robotics",
  location =  "DFKI Bib."
}

@book{xpdbs:1w,
	EDITOR = {L. Kerschberg},
	BOOKTITLE = {Expert Database Systems---Proceedings
		From the 1st International Workshop},
	TITLE = {Expert Database Systems---Proceedings
		From the 1st International Workshop},
	ADDRESS = benort,
	PUBLISHER = ben,
	YEAR = 1986}

@Book{xpdbs:1c,
  booktitle =    "Expert Database Systems---Proceedings From
	          the 1st International Conference",
  title = 	 "Expert Database Systems---Proceedings From
	          the 1st International Conference",
  publisher = 	 ben,
  year = 	 1986,
  editor = 	 "L. Kerschberg",
}

@Book{xpdbs:2c,
  booktitle =    "Expert Database Systems---Proceedings From
	          the 2nd International Conference",
  title = 	 "Expert Database Systems---Proceedings From
	          the 2nd International Conference",
  publisher = 	 ben,
  year = 	 1989,
  editor = 	 "L. Kerschberg",
}

@BOOK{frame:conception,
	EDITOR = {Metzing, Dieter},
	TITLE = {Frame Conceptions and Text Understanding},
	BOOKTITLE = {Frame Conceptions and Text Understanding},
	ADDRESS = {Berlin,  Germany},
	PUBLISHER = {deGruyter},
	YEAR = 1980}

@book{machine:learning:83,
	EDITOR = {R. S. Michalski and J. G. Carbonell and T. M. Mitchell},
	BOOKTITLE = {Machine Learning---An Artificial Intelligence
		  Approach},
        TITLE = {Machine Learning---An Artificial Intelligence
		  Approach}, 
	ADDRESS = tiort,
	PUBLISHER = ti,
	YEAR = 1983}


@Book{ai:encyclopedia,
	EDITOR = {S. C. Shapiro},
        TITLE = {Encyclopedia of Artificial Intelligence},
	BOOKTITLE = {Encyclopedia of Artificial Intelligence},
	ADDRESS = wilort,
	PUBLISHER = wil,
	YEAR = 1987}

@BOOK{posn,
   TITLE = {Principles of Semantic Networks},
   BOOKTITLE = {Principles of Semantic Networks},
   EDITOR = {John F. Sowa},
   YEAR = 1991,
   PUBLISHER = kauf,
   ADDRESS = nkaufort}


@BOOK{ai:reader,
	EDITOR = {Webber, Bonnie Lynn and Nils J. Nilsson},
	TITLE = {Readings in Artificial Intelligence},
	BOOKTITLE = {Readings in Artificial Intelligence},
	ADDRESS = tiort,
	PUBLISHER = ti,
	YEAR = 1981}

@Book{computer:vision,
	EDITOR = {P. Winston},
	BOOKTITLE = {The Psychology of Computer Vision},
	TITLE = {The Psychology of Computer Vision},
	ADDRESS = mcghort,
	PUBLISHER = mcgh,
	YEAR = 1975}



@Book{ki-einfuehrung93,
  title = 	 "Ein\-f{\"u}h\-rung in die {K{\"u}nst\-li\-che}
		  {In\-tel\-li\-genz}", 
  booktitle = 	 "Ein\-f{\"u}h\-rung in die {K{\"u}nst\-li\-che}
		  {In\-tel\-li\-genz}", 
  publisher = 	 add,
  year = 	 "1993",
  editor = 	 "G. G{\"o}rz",
  address =	 addortger,
  edition = 	 "",
  month = 	 "",
  note = 	 "",
  ISBN = "3-89319-507-6"
}

%%%%%%%%%%%%%%%%%%%%%%%%%%%%%%%%%%%%%%%%%%%%
%%%%%%%%%% Conference Proceedings %%%%%%%%%%
%%%%%%%%%%%%%%%%%%%%%%%%%%%%%%%%%%%%%%%%%%%%

%%%%% AA   %%%%%
%%%%%%%%%%%%%%%%

@Proceedings{aa98,
  title = 	 {Autonomous Agents -- Second Internation Conference (Agents'98)},
  booktitle = 	 {Autonomous Agents -- Second Internation Conference (Agents'98)},
  year = 	 {1998},
  key =		 {AA-98},
  editor = 	 {},
  publisher =	 {ACM Press},
  organization = {},
  address =	 {},
  month = 	 {},
}


%%%%% AAAI %%%%%
%%%%%%%%%%%%%%%%


@Proceedings{aaai80,
  key = "AAAI-80",
  title = 	"Proceedings of the 1st National Conference of the
                  American Association for Artificial Intelligence (AAAI'80)",
  booktitle = 	"Proceedings of the 1st National Conference of the
                  American Association for Artificial Intelligence (AAAI'80)",
  year = 	1980,
  address = 	"Stanford, CA",
  month = 	Aug,
}

@Proceedings{aaai82,
  Key = "AAAI-82",
  title = 	"Proceedings of the 2nd National Conference of the
                  American Association for Artificial Intelligence (AAAI'82)",
  booktitle = 	"Proceedings of the 2nd National Conference of the
                  American Association for Artificial Intelligence (AAAI'82)",
  year = 	1982,
  address = 	"Pittsburgh, PA",
  month = 	Aug
}

@Proceedings{aaai83,
  Key = "AAAI-83",
  title = 	"Proceedings of the 3rd National Conference of the
                  American Association for Artificial Intelligence (AAAI'83)",
  booktitle = 	"Proceedings of the 3rd National Conference of the
                  American Association for Artificial Intelligence (AAAI'83)",
  year = 	1983,
  address = 	"Washington, DC",
  month = 	Aug
}

@Proceedings{aaai84,
  Key = "AAAI-84",
  title = 	"Proceedings of the 4th National Conference of the
                  American Association for Artificial Intelligence (AAAI'84)",
  booktitle = 	"Proceedings of the 4th National Conference of the
                  American Association for Artificial Intelligence (AAAI'84)",
  year = 	1984,
  address = 	"Austin, TX"
}

@Proceedings{aaai86,
  Key = "AAAI-86",
  title = 	"Proceedings of the 5th National Conference of the
                  American Association for Artificial Intelligence (AAAI'86)",
  booktitle = 	"Proceedings of the 5th National Conference of the
                  American Association for Artificial Intelligence (AAAI'86)",
  year = 	1986,
  address = 	"Philadelphia, PA",
  month = 	Aug
}

@Proceedings{aaai87,
  Key = "AAAI-87",
  title = 	"Proceedings of the 6th National Conference of the
                  American Association for Artificial Intelligence (AAAI'87)",
  booktitle = 	"Proceedings of the 6th National Conference of the
                  American Association for Artificial Intelligence (AAAI'87)",
  year = 	1987,
  address = 	"Seattle, WA",
  month = 	Jul
}

@Proceedings{aaai88,
  Key = "AAAI-88",
  title = 	"Proceedings of the 7th National Conference of the
                  American Association for Artificial Intelligence (AAAI'88)",
  booktitle = 	"Proceedings of the 7th National Conference of the
                  American Association for Artificial Intelligence (AAAI'88)",
  year = 	1988,
  editor = "Tom Mitchell and Reid Smith",
  address = 	"Saint Paul, MI, USA",
  month = 	Aug
}

@Proceedings{aaai90,
  Key = "AAAI-90",
  title = 	"Proceedings of the 8th National Conference of the
                  American Association for Artificial Intelligence (AAAI'90)",
  booktitle = 	"Proceedings of the 8th National Conference of the
                  American Association for Artificial Intelligence (AAAI'90)",
  year = 	1990,
  publisher = mit,
  address = 	"Boston, MA",
  month = 	Aug
}

@Proceedings{aaai91,
  Key = "AAAI-91",
  title = 	"Proceedings of the 9th National Conference of the
                  American Association for Artificial Intelligence (AAAI'91)",
  booktitle = 	"Proceedings of the 9th National Conference of the
                  American Association for Artificial Intelligence (AAAI'91)",
  year = 	1991,
  publisher = mit,
  address = 	"Anaheim, CA",
  month = 	Jul
}

@Proceedings{aaai92,
  Key = "AAAI-92",
  title = 	"Proceedings of the 10th National Conference of the
                  American Association for Artificial Intelligence (AAAI'92)",
  booktitle = 	"Proceedings of the 10th National Conference of the
                  American Association for Artificial Intelligence (AAAI'92)",
  year = 	1992,
  publisher = mit,
  address = 	"San Jose, CA",
  month = 	Jul
}

@Proceedings{aaai93,
  Key = "AAAI-93",
  title = 	"Proceedings of the 11th National Conference of the
                  American Association for Artificial Intelligence (AAAI'93)",
  booktitle = 	"Proceedings of the 11th National Conference of the
                  American Association for Artificial Intelligence (AAAI'93)",
  year = 	1993,
  publisher = mit,
  address = 	"Washington, DC",
  month = 	Jul
}

@Proceedings{aaai94,
  Key = "AAAI-94",
  title = 	"Proceedings of the 12th National Conference of the
                  American Association for Artificial Intelligence (AAAI'94)",
  booktitle = 	"Proceedings of the 12th National Conference of the
                  American Association for Artificial Intelligence (AAAI'94)",
  year = 	1994,
  publisher = mit,
  address = 	"Seattle, WA",
  month = 	Jul,
  ISBN = "0-262-61102-3"
}

@Proceedings{aaai96,
  Key = "AAAI-96",
  title = 	"Proceedings of the 13th National Conference of the
                  American Association for Artificial Intelligence (AAAI'96)",
  booktitle = 	"Proceedings of the 13th National Conference of the
                  American Association for Artificial Intelligence (AAAI'96)",
  year = 	1996,
  editor = "William J. Clancey and Daniel Weld",
  publisher = mit,
  address = 	"Portland, OR",
  month = 	Jul,
}

@Proceedings{aaai97,
  Key = "AAAI-97",
  title = 	"Proceedings of the 14th National Conference of the
                  American Association for Artificial Intelligence (AAAI'97)",
  booktitle = 	"Proceedings of the 14th National Conference of the
                  American Association for Artificial Intelligence (AAAI'97)",
  year = 	1997,
  editor = "Benjamin J. Kuipers and Bonnie Webber",
  publisher = mit,
  address = 	"Portland, OR",
  month = 	Jul,
}

@Proceedings{aaai98,
  Key = "AAAI-98",
  title = 	"Proceedings of the 15th National Conference of the
                  American Association for Artificial Intelligence (AAAI'98)",
  booktitle = 	"Proceedings of the 15th National Conference of the
                  American Association for Artificial Intelligence (AAAI'98)",
  year = 	1998,
  editor = "Jack Mostow and Charles Rich",
  publisher = mit,
  address = 	"Madison, WI, USA",
  month = 	Jul,
}

@Proceedings{aaai99,
  Key = "AAAI-99",
  title = 	"Proceedings of the 16th National Conference of the
                  American Association for Artificial Intelligence (AAAI'99)",
  booktitle = 	"Proceedings of the 16th National Conference of the
                  American Association for Artificial Intelligence (AAAI'99)",
  year = 	1999,
  publisher = mit,
  address = 	"Orlando, FL, USA",
  month = 	Jul,
}

@Proceedings{aaai00,
  Key = "AAAI-00",
  title = 	"Proceedings of the 17th National Conference of the
                  American Association for Artificial Intelligence (AAAI'00)",
  booktitle = 	"Proceedings of the 17th National Conference of the
                  American Association for Artificial Intelligence (AAAI'00)",
  year = 	2000,
  editor = "Henry A. Kautz and Bruce Porter",
  publisher =    "AAAI Press",
  address = 	"Austin, TX, USA",
  month = 	Jul
}

@Proceedings{aaai02,
  Key = "AAAI-02",
  title = 	"Proceedings of the 18th National Conference of the
                  American Association for Artificial Intelligence (AAAI'02)",
  booktitle = 	"Proceedings of the 18th National Conference of the
                  American Association for Artificial Intelligence (AAAI'02)",
  year = 	2002,
  editor =     "Rina Dechter and Michael Kearns and Richard S. Sutton",
  publisher =    "AAAI Press",
  address = 	"Edmonton, AL, Canada",
  month = 	Jul,
}


@Proceedings{aaai05,
  Key = "AAAI-05",
  editor    = {Manuela M. Veloso and
               Subbarao Kambhampati},
  title = 	"Proceedings of the 20th National Conference of the
                  American Association for Artificial Intelligence (AAAI'05)",
  booktitle = 	"Proceedings of the 20th National Conference of the
                  American Association for Artificial Intelligence (AAAI'05)",
  year = 	2005,
  publisher =    "AAAI Press",
  address = 	"Pittsburgh, Pennsylvania, USA",
  month = 	Jul,
}


@Proceedings{aaai06,
  Key = "AAAI-06",
  editor    = {Yolanda Gil and Raymond J. Mooney},
  title = 	"Proceedings of the 21st National Conference of the
                  American Association for Artificial Intelligence (AAAI'06)",
  booktitle = 	"Proceedings of the 21st National Conference of the
                  American Association for Artificial Intelligence (AAAI'06)",
  year = 	2006,
  publisher =    "AAAI Press",
  address = 	"Boston, Massachusetts, USA",
  month = 	Jul,
}

@Proceedings{aaai07,
  Key = "AAAI-07",
  editor    = {Adele Howe and Robert C. Holte},
  title = 	"Proceedings of the 22nd National Conference of the
                  American Association for Artificial Intelligence (AAAI'07)",
  booktitle = 	"Proceedings of the 22nd National Conference of the
                  American Association for Artificial Intelligence (AAAI'07)",
  year = 	2007,
  publisher =    "AAAI Press",
  address = 	"Vancouver, BC, Canada",
  month = 	Jul,
}


@Proceedings{aaai08,
  Key = "AAAI-08",
  editor    = {Dieter Fox and Carla Gomes},
  title = 	"Proceedings of the 23rd National Conference of the
                  American Association for Artificial Intelligence (AAAI'08)",
  booktitle = 	"Proceedings of the 23rd National Conference of the
                  American Association for Artificial Intelligence (AAAI'08)",
  year = 	2008,
  publisher =    "AAAI Press",
  address = 	"Chicago, Illinois, USA",
  month = 	Jul,
}

@proceedings{iaai09,
  editor    = {Karen Zita Haigh and
               Nestor Rychtyckyj},
  title     = {Proceedings of the 21st Conference on Innovative
               Applications of Artificial Intelligence (IAAI'09)},
  booktitle     = {Proceedings of the 21st Conference on Innovative
               Applications of Artificial Intelligence (IAAI'09)},
  publisher =    "AAAI Press",
  year      = {2009},
  address =     "Pasadena, California, USA",
  month =       Jul
}

@Proceedings{aaai10,
  Key = "AAAI'12",
  editor    = "Maria Fox and David Poole",
  title = 	"Proceedings of the 24th National Conference of the
                  American Association for Artificial Intelligence (AAAI'10)",
  booktitle = 	"Proceedings of the 24th National Conference of the
                  American Association for Artificial Intelligence (AAAI'10)",
  year = 	2010,
  publisher =    "AAAI Press",
  address = 	"Atlanta, GA, USA",
  month = 	Jul,
}

@Proceedings{aaai11,
  Key =		"AAAI-11",
  editor =	"Wolfram Burgard and Dan Roth",
  title =	"Proceedings of the 25th National Conference of the
                  American Association for Artificial Intelligence
                  (AAAI'11)",
  booktitle =	"Proceedings of the 25th National Conference of the
                  American Association for Artificial Intelligence
                  (AAAI'11)",
  year = 	2011,
  publisher =	"AAAI Press",
  address =	"San Francisco, CA, USA",
  month =	Jul,
}

@Proceedings{aaai12,
  Key = "AAAI'12",
  editor    = {J{\"o}rg Hoffmann and Bart Selman},
  title = 	"Proceedings of the 26th AAAI Conference on Artificial Intelligence (AAAI'12)",
  booktitle = 	"Proceedings of the 26th AAAI Conference on Artificial Intelligence (AAAI'12)",
   year = 	2012,
  publisher =    "AAAI Press",
  address = 	"Toronto, ON, Canada",
  month = 	Jul,
}

@Proceedings{aaai13,
  Key = "AAAI'13",
  editor    = {Marie desJardins and Michael Littman},
  title = 	"Proceedings of the 27th AAAI Conference on Artificial Intelligence (AAAI'13)",
  booktitle = 	"Proceedings of the 27th AAAI Conference on Artificial Intelligence (AAAI'13)",
  year = 	2013,
  publisher =    "AAAI Press",
  address = 	"Bellevue, WA, USA",
  month = 	Jul,
}

@Proceedings{aaai14,
  Key = "AAAI'14",
  editor    = "Carla E. Brodley and Peter Stone",
  title = "Proceedings of the 28th AAAI Conference on Artificial Intelligence (AAAI'14)",
  booktitle = 	"Proceedings of the 28th AAAI Conference on Artificial Intelligence (AAAI'14)",
  year = 	2014,
  publisher =    "AAAI Press",
  address = 	"Austin, Texas, USA",
  month = 	Jan,
}

@Proceedings{aaai15,
  Key = "AAAI'15",
  editor    = "Blai Bonet and Sven Koenig",
  title = "Proceedings of the 29th AAAI Conference on Artificial Intelligence (AAAI'15)",
  booktitle = 	"Proceedings of the 29th AAAI Conference on Artificial Intelligence (AAAI'15)",
  year = 	2015,
  publisher =    "AAAI Press",
  address = 	"",
  month = 	Jan,
}

@Proceedings{aaai16,
  Key = "AAAI'16",
  editor    = "Dale Schuurmans and Michael Wellman",
  title = "Proceedings of the 30th AAAI Conference on Artificial Intelligence (AAAI'16)",
  booktitle = 	"Proceedings of the 30th AAAI Conference on Artificial Intelligence (AAAI'16)",
  year = 	2016,
  publisher =    "AAAI Press",
  address = 	"",
  month = 	Feb,
}

@Proceedings{aaai17,
  Key = "AAAI'17",
  editor    = "Satinder Singh and Shaul Markovitch",
  title = "Proceedings of the 31st AAAI Conference on Artificial Intelligence (AAAI'17)",
  booktitle = 	"Proceedings of the 31st AAAI Conference on Artificial Intelligence (AAAI'17)",
  year = 	2017,
  publisher =    "AAAI Press",
  address = 	"",
  month = 	Feb,
}

@Proceedings{aaai18,
  Key = "AAAI'18",
  editor    = "Sheila McIlraith and Kilian Weinberger",
  title = "Proceedings of the 32nd AAAI Conference on Artificial Intelligence (AAAI'18)",
  booktitle = 	"Proceedings of the 32nd AAAI Conference on Artificial Intelligence (AAAI'18)",
  year = 	2018,
  publisher =    "AAAI Press",
  address = 	"",
  month = 	Feb,
}




%%%%% ACL %%%%%%%
%%%%%%%%%%%%%%%%%



@Proceedings{acl79,
  key = 	 "ACL-79",
  title = 	 "Proceedings of the 17th Annual Meeting of the ACL (ACL-79)",
  booktitle = 	 "Proceedings of the 17th Annual Meeting of the ACL (ACL-79)",
  year = 	 1979,
  editor = 	 "",
  publisher = "",
  organization = "",
  address = 	 "La Jolla, CA",
  month = 	 ""
}

@Proceedings{acl80,
  key = 	 "ACL-80",
  title = 	 "Proceedings of the 18th Annual Meeting of the ACL (ACL'80)",
  booktitle = 	 "Proceedings of the 18th Annual Meeting of the ACL (ACL'80)",
  year = 	 1980,
  editor = 	 "",
  publisher = "",
  organization = "",
  address = 	 "Philadelphia, PA",
  month = 	 ""
}

@Proceedings{acl81,
  key = 	 "ACL-81",
  title = 	 "Proceedings of the 19th Annual Meeting of the ACL (ACL'81)",
  booktitle = 	 "Proceedings of the 19th Annual Meeting of the ACL (ACL'81)",
  year = 	 1981,
  editor = 	 "",
  publisher = "",
  organization = "",
  address = 	 "Stanford, CA",
  month = 	 ""
}


@Proceedings{acl82,
  key = 	 "ACL-82",
  title = 	 "Proceedings of the 20th Annual Meeting of the ACL (ACL-82)",
  booktitle = 	 "Proceedings of the 20th Annual Meeting of the ACL (ACL-82)",
  year = 	 1982,
  editor = 	 "",
  publisher = "",
  organization = "",
  address = 	 "Toronto, ON, Canada, ",
  month = 	 ""
}


@Proceedings{acl83,
  key = 	 "ACL-83",
  title = 	 "Proceedings of the 21st Annual Meeting of the ACL (ACL-83)",
  booktitle = 	 "Proceedings of the 21st Annual Meeting of the ACL (ACL-83)",
  year = 	 1983,
  editor = 	 "",
  publisher = "",
  organization = "",
  address = 	 "Cambridge, MA",
  month = 	 ""
}


@Proceedings{acl84,
  key = 	 "ACL-84",
  title = 	 "Proceedings of the 22nd Annual Meeting of the ACL (ACL-84)",
  booktitle = 	 "Proceedings of the 22nd Annual Meeting of the ACL (ACL-84)",
  year = 	 1984,
  editor = 	 "",
  publisher = "",
  organization = "",
  address = 	 "",
  month = 	 ""
}


@Proceedings{acl85,
  key = 	 "ACL-85",
  title = 	 "Proceedings of the 23rd Annual Meeting of the ACL (ACL-85)",
  booktitle = 	 "Proceedings of the 23rd Annual Meeting of the ACL (ACL-85)",
  year = 	 1985,
  editor = 	 "",
  publisher = "",
  organization = "",
  address = 	 "Chicago, IL",
  month = 	 ""
}


@Proceedings{acl86,
  key = 	 "ACL-86",
  title = 	 "Proceedings of the 24th Annual Meeting of the ACL (ACL-86)",
  booktitle = 	 "Proceedings of the 14th Annual Meeting of the ACL (ACL-86)",
  year = 	 1986,
  editor = 	 "",
  publisher = "",
  organization = "",
  address = 	 "New York, NY",
  month = 	 ""
}


@Proceedings{acl87,
  key = 	 "ACL-87",
  title = 	 "Proceedings of the 25th Annual Meeting of the ACL (ACL-87)",
  booktitle = 	 "Proceedings of the 25th Annual Meeting of the ACL (ACL-87)",
  year = 	 1987,
  editor = 	 "",
  publisher = "",
  organization = "",
  address = 	 "Stanford, CA",
  month = 	 ""
}

@Proceedings{acl88,
  key = 	 "ACL-88",
  title = 	 "Proceedings of the 26th Annual Meeting of the ACL (ACL-88)",
  booktitle = 	 "Proceedings of the 26th Annual Meeting of the ACL (ACL-88)",
  year = 	 1988,
  editor = 	 "",
  publisher = "",
  organization = "",
  address = 	 "Buffalo",
  month = 	 ""
}

@Proceedings{acl91,
  key = 	 "ACL-91",
  title = 	 "Proceedings of the 29th Annual Meeting of the ACL (ACL-91)",
  booktitle = 	 "Proceedings of the 29th Annual Meeting of the ACL (ACL-91)",
  year = 	 1991,
  editor = 	 "",
  publisher = "",
  organization = "",
  address = 	 "",
  month = 	 ""
}



%%%%% AIMSA %%%%%
%%%%%%%%%%%%%%%%%


@Proceedings{aimsa88,
  Key = "AIMSA-88",
  title = 	"Proceedings of the Third International Conference on
		 Artificial Intelligence: Methodology, Systems,
		 Applications (AIMSA-88)",
  booktitle = 	"Proceedings of the Third International Conference on
		 Artificial Intelligence: Methodology, Systems,
		 Applications (AIMSA-88)",
  year = 	1988,
  editor = 	"T. O'Shea and V. Sgurev",
  publisher = 	nh,
  address = 	"Varna, Bulgaria",
  month = 	Sep
}

%%%%% AIPS %%%%%
%%%%%%%%%%%%%%%%

@Proceedings{aips92,
  key = 	 "AIPS-92",
  title = 	 "Proceedings of the 1st International Conference on 
                  Artificial Intelligence Planning Systems (AIPS'92)",
  booktitle = 	 "Proceedings of the 1st International Conference on 
                  Artificial Intelligence Planning Systems (AIPS'92)",
  year = 	 1992,
  editor = 	 "",
  publisher = kauf,
  organization = "",
  address = 	 "Washington, D.C.",
  month = 	 "",
}

@Proceedings{aips94,
  key = 	 "AIPS-94",
  title = 	 "Proceedings of the 2nd International Conference on 
                  Artificial Intelligence Planning Systems (AIPS'94)",
  booktitle = 	 "Proceedings of the 2nd International Conference on 
                  Artificial Intelligence Planning Systems (AIPS'94)",
  year = 	 1994,
  editor =       "K. Hammond",
  publisher =    "{AAAI} Press, Menlo Park",
  address = 	 "Chicago, IL"}

@Proceedings{aips96,
  key = 	 "AIPS-96",
  title = 	 "Proceedings of the 3rd International Conference on 
                  Artificial Intelligence Planning Systems (AIPS'96)",
  booktitle = 	 "Proceedings of the 3rd International Conference on 
                  Artificial Intelligence Planning Systems (AIPS'96)",
  year = 	 1996,
  editor =	 "B. Drabble",
  publisher =    "{AAAI} Press, Menlo Park",
  address = 	 ""}

@Proceedings{aips98,
  key = 	 "AIPS-98",
  title = 	 "Proceedings of the 4th International Conference on 
                  Artificial Intelligence Planning Systems (AIPS'98)",
  booktitle = 	 "Proceedings of the 4th International Conference on 
                  Artificial Intelligence Planning Systems (AIPS'98)",
  year = 	 1998,
  editor =	 "R. Simmons and M. Veloso and S. Smith",
  publisher =    "{AAAI} Press, Menlo Park",
  address = 	 "Pittsburgh, PA"}

@Proceedings{aips00,
  key = 	 "AIPS-00",
  title = 	 "Proceedings of the 5th International Conference on 
                  Artificial Intelligence Planning Systems (AIPS'00)",
  booktitle = 	 "Proceedings of the 5th International Conference on 
                  Artificial Intelligence Planning Systems (AIPS'00)",
  year = 	 2000,
  editor =	 "S. Chien and R. Kambhampati and C. Knoblock",
  publisher =    "{AAAI} Press, Menlo Park",
  address = 	 "Breckenridge, CO"}


@Proceedings{aips02,
  Key = "AIPS-02",
  title =       "Proceedings of the 6th International Conference on
                   Artificial Intelligence Planning and Scheduling (AIPS'02)",
  booktitle =   "Proceedings of the 6th International Conference on
                   Artificial Intelligence Planning and Scheduling (AIPS'02)",
  year =        2002,
  editor =   "M. Ghallab and J. Hertzberg and P. Traverso",
  publisher =    kauf,
  address =     "Toulouse, France",
  month =       Apr
}

%%%%% AMS %%%%%%
%%%%%%%%%%%%%%%%

@Proceedings{ams97,
  title = 	 {Autonome Mobile System 1997},
  booktitle = 	 {Autonome Mobile System 1997},
  year = 	 {1997},
  key =		 {AMS-97},
  editor =	 {P. Levi and Th. Br{\"a}unl and N. Oswald},
  volume =	 {},
  number = 	 {},
  series =	 {Informatik aktuell},
  address =	 {Stuttgart, Germany},
  month = 	 oct,
  organization = {},
  publisher =	 spring,
  note = 	 {},
  annote = 	 {},
  ISBN = "3-540-65513-0"
}


%%%%% CAIA %%%%%
%%%%%%%%%%%%%%%%

@Proceedings{caia87,
  Key = "CAIA-87",
  title = 	"Proceedings of the Third Conference on Artificial
		 Intelligence Applications (CAIA-87)",
  booktitle = 	"Proceedings of the Third Conference on Artificial
		 Intelligence Applications (CAIA-87)",
  year = 	1987,
  organization = "The Computer Society of the IEEE",
  address = 	"Kissimmee, FL",
  month = 	Feb,
}


%%%%% CHI %%%%%%
%%%%%%%%%%%%%%%%



@Proceedings{chi83,
  key = 	 "CHI-83",
  title = 	 "Proceedings of the CHI'83 Conference on Human Factors
                  in Computing Systems",
  booktitle =    "Proceedings of the CHI'83 Conference on Human Factors
                  in Computing Systems",
  year = 	 1983,
  editor = 	 "",
  publisher = "",
  address = 	 "Boston, MA",
  month = 	 "",
}

%%%%% CI %%%%%%%
%%%%%%%%%%%%%%%%



@Proceedings{ci89,
  key = 	 "CI-89",
  title = 	 "Proceedings of the International Symposium on Computational
		   Intelligence '89 (CI-89)",
  booktitle =    "Proceedings of the International Symposium on Computational
		   Intelligence '89 (CI-89)",
  year = 	 1989,
  editor = 	 "F. Gardin and G. Mauri and M. G. Filippini",
  publisher =    nh,
  address = 	 "Milan, Italy",
  month = 	 sep
}



%%% COLING %%%%%
%%%%%%%%%%%%%%%%



@Proceedings{coling84,
  key = 	 "COLING-84",
  title = 	 "Proceedings of the 10th International Conference on
                    Computational Linguistics (COLING-84)",
  booktitle = 	 "Proceedings of the 10th International Conference on
                    Computational Linguistics (COLING-84)",
  year = 	 1984,
  editor = 	 "",
  address = 	 "Stanford, CA",
  month = 	 "",
}

@Proceedings{coling86,
  key = 	 "COLING-86",
  title = 	 "Proceedings of the 11th International Conference on
                    Computational Linguistics (COLING-86)",
  booktitle = 	 "Proceedings of the 11th International Conference on
                    Computational Linguistics (COLING-86)",
  year = 	 1986,
  editor = 	 "",
  address = 	 "Bonn, Germany",
  month = 	 "",
}

@Proceedings{coling88,
  key = 	 "COLING-88",
  title = 	 "Proceedings of the 12th International Conference on
                    Computational Linguistics (COLING-88)",
  booktitle = 	 "Proceedings of the 12th International Conference on
                    Computational Linguistics (COLING-88)",
  year = 	 1988,
  editor = 	 "",
  address = 	 "Budapest, Hungary",
  month = 	 "",
}

@proceedings{coling10,
  editor    = {Chu{-}Ren Huang and
               Dan Jurafsky},
  title     = {Proceedings of the 23rd International Conference on Computational Linguistics},
  publisher = {Chinese Information Processing Society of China},
  year      = {2010},
}

@proceedings{coling12,
  editor    = {Martin Kay and
               Christian Boitet},
  title     = {Proceedings of the 24th International Conference on Computational Linguistics},
  publisher = {Indian Institute of Technology Bombay},
  year      = {2012},
}

@proceedings{coling16,
  editor    = {Yuji Matsumoto and Rashmi Prasad},
  title     = {Proceedings of the 26th International Conference on Computational Linguistics (Coling'16)},
  year      = {2016},
}


%%%%%  CP  %%%%%
%%%%%%%%%%%%%%%%




@Proceedings{cp96,
  title = 	 {Proceedings of the 3rd International Conference on Principles                  and Practice of Constraint Programming},
  booktitle = 	 {Proceedings of the 3rd International Conference on Principles                  and Practice of Constraint Programming},
  year = 	 {1996},
  key =		 {CP-96},
  editor =   {},
  address =	{Cambridge, Massachusetts},
}


@Proceedings{cp98,
  title = 	 {Proceedings of the 4th International Conference on Principles                  and Practice of Constraint Programming},
  booktitle = 	 {Proceedings of the 4th International Conference on Principles                  and Practice of Constraint Programming},
  year = 	 {1998},
  key =		 {CP-98},
  editor = 	 {},
  address =	 {Pisa, Italy},
}


@Proceedings{cp04,
  title = 	 {Proceedings of the 10th International Conference on Principles                  and Practice of Constraint Programming (CP'04)},
  booktitle = 	 {Proceedings of the 10th International Conference on Principles                  and Practice of Constraint Programming (CP'04)},
  publisher = {Springer},
  series    = {Lecture Notes in Computer Science},
  volume    = {3258},
  year      = {2004},
}

@Proceedings{cp07,
  editor =       "Christian Bessiere",
  title =        "Proceedings of the Thirteenth International Conference on
                  Principles and Practice of Constraint Programming (CP'07)",
  booktitle =    "Proceedings of the Thirteenth International Conference on
                  Principles and Practice of Constraint Programming (CP'07)",
  year =         "2007",
  publisher =    "Springer-Verlag",
  volume =       "4741",
  series =       lncs
}

@Proceedings{cp09,
  title = 	 {Proceedings of the 15th International Conference on Principles and Practice of Constraint Programming (CP'09)},
  booktitle = 	 {Proceedings of the 15th International Conference on Principles and Practice of Constraint Programming (CP'09)},
  editor    = {Ian P. Gent},
  year = 	 {2009},
  publisher = {Springer},
  series    = {Lecture Notes in Computer Science},
  volume    = {5732},
  year      = {2009},
}

%%%%% DOOD %%%%%
%%%%%%%%%%%%%%%%

@Proceedings{dood89,
  title = 	 {Deductive and Object-Oriented Databases, Proceedings of the 1st International Conference},
  booktitle = 	 {Deductive and Object-Oriented Databases, Proceedings of the 1st International Conference},
  year = 	 {1989},
  key =		 {DOOD-89},
  editor =	 {W. Kim and J.-M. Nicolas and S. Nishio},
  publisher =	 nh,
  address =	 {Kyoto, Japan},
  note = 	 {},
  annote = 	 {}
}

@Proceedings{dood91,
  title = 	 {Deductive and Object-Oriented Databases, Proceedings of the 2nd International Conference},
  booktitle = 	 {Deductive and Object-Oriented Databases, Proceedings of the 2nd International Conference},
  year = 	 {1991},
  key =		 {DOOD-91},
  editor =	 {C. Delobel and M. Kifer and Y. Masunaga},
  publisher =	 spring,
  address =	 {Munich, Germany},
  note = 	 {},
  annote = 	 {}
}

@Proceedings{dood93,
  title = 	 {Deductive and Object-Oriented Databases, Proceedings of the 3rd International Conference},
  booktitle = 	 {Deductive and Object-Oriented Databases, Proceedings of the 3rd International Conference},
  year = 	 {1993},
  key =		 {DOOD-93},
  editor =	 {S. Ceri and K. Tanaka and S. Tsur},
  publisher =	 spring,
  address =	 {Phoenix, Arizona},
  note = 	 {},
  annote = 	 {}
}

@Proceedings{dood95,
  title = 	 {Deductive and Object-Oriented Databases, Proceedings of the 4th International Conference},
  booktitle = 	 {Deductive and Object-Oriented Databases, Proceedings of the 4th International Conference},
  year = 	 {1995},
  key =		 {DOOD-95},
  editor =	 {T. W. Ling and A. O. Mendelzon and L. Vieille},
  publisher =	 spring,
  address =	 {Singapore},
  note = 	 {},
  annote = 	 {}
}

@Proceedings{dood97,
  title = 	 {Deductive and Object-Oriented Databases, Proceedings of the 5th International Conference},
  booktitle = 	 {Deductive and Object-Oriented Databases, Proceedings of the 5th International Conference},
  year = 	 {1997},
  key =		 {DOOD-97},
  editor =	 {F. Bry and R. Ramakrishna and K. Ramamohanaroa},
  publisher =	 spring,
  address =	 {Montreux, Switzerland},
  note = 	 {},
  annote = 	 {}
}


%%%%% EACL %%%%%
%%%%%%%%%%%%%%%%


@Proceedings{eacl83,
  key = 	 "EACL-83",
  title = 	 "Proceedings of the 1st Conference of the European
                  Chapter of the Association for Computational
		  Linguistics (EACL-83)",
  booktitle = 	 "Proceedings of the 1st Conference of the European
                  Chapter of the Association for Computational
		  Linguistics (EACL-83)",
  year = 	 1983,
  editor = 	 "",
  publisher = "",
  address = 	 "Pisa, Italy",
  month = 	 "",
}

@Proceedings{eacl85,
  key = 	 "EACL-85",
  title = 	 "Proceedings of the 2nd Conference of the European
                  Chapter of the Association for Computational
		  Linguistics (EACL-85)",
  booktitle = 	 "Proceedings of the 2nd Conference of the European
                  Chapter of the Association for Computational
		  Linguistics (EACL-85)",
  year = 	 1985,
  editor = 	 "",
  publisher = "",
  address = 	 "Geneva, Switzerland",
  month = 	 "",
}

@Proceedings{eacl87,
  key = 	 "EACL-87",
  title = 	 "Proceedings of the 1st Conference of the European
                  Chapter of the Association for Computational
		  Linguistics (EACL-87)",
  booktitle = 	 "Proceedings of the 1st Conference of the European
                  Chapter of the Association for Computational
		  Linguistics (EACL-87)",
  year = 	 1987,
  editor = 	 "",
  publisher = "",
  address = 	 "Copenhagen, Denmark",
  month = 	 "",
}


%%%%% ECAI %%%%%
%%%%%%%%%%%%%%%%

@Proceedings{ecai84,
  Key =         "ECAI-84",
  title = 	"Proceedings of the 6th European Conference on Artificial
                  Intelligence (ECAI'84)",
  booktitle = 	"Proceedings of the 6th European Conference on Artificial
                  Intelligence (ECAI'84)",
  address =     "Pisa, Italy",
  year = 	1984,
}

@Proceedings{ecai86,
  Key =         "ECAI-86",
  title = 	"Proceedings of the 7th European Conference on Artificial
                  Intelligence (ECAI'86)",
  booktitle = 	"Proceedings of the 7th European Conference on Artificial
                  Intelligence (ECAI'86)",
  year = 	1986,
  address = 	"Brighton, UK",
  month = 	Jul
}

@Proceedings{ecai88,
  Key = "ECAI-88",
  title = 	"Proceedings of the 8th European Conference on Artificial
                  Intelligence (ECAI'88)",
  booktitle = 	"Proceedings of the 8th European Conference on Artificial
                  Intelligence (ECAI'88)",
  year = 	1988,
  editor = 	"Yves Kodratoff",
  publisher = 	pit,
  address = 	"Munich,  Germany",
  month = 	Aug,
  note = 	""
}


@Proceedings{ecai90,
  key =         "ECAI-90",
  editor =      "L. C. Aiello",
  title = 	"Proceedings of the 9th European Conference on Artificial
                  Intelligence (ECAI'90)",
  booktitle = 	"Proceedings of the 9th European Conference on Artificial
                  Intelligence (ECAI'90)",
  year = 	1990,
  publisher = 	pit,
  address = 	"Stockholm, Sweden",
  month = 	Aug
}

@Proceedings{ecai92,
  key =         "ECAI-92",
  editor =      "B. Neumann",
  title = 	"Proceedings of the 10th European Conference on Artificial
                  Intelligence (ECAI'92)",
  booktitle = 	"Proceedings of the 10th European Conference on Artificial
                  Intelligence (ECAI'92)",
  year = 	1992,
  publisher = 	wil,
  address = 	"Vienna, Austria",
  month = 	Aug
}

@Proceedings{ecai94,
  key =         "ECAI-94",
  editor =      "A. Cohen",
  title = 	"Proceedings of the 11th European Conference on Artificial
                  Intelligence (ECAI'94)",
  booktitle = 	"Proceedings of the 11th European Conference on Artificial
                  Intelligence (ECAI'94)",
  year = 	1994,
  publisher = 	wil,
  address = 	"Amsterdam, The Netherlands",
  month = 	Aug,
  ISBN = "0-471-950696"
}

@Proceedings{ecai96,
  key =         "ECAI-96",
  editor =      "W. Wahlster",
  title = 	"Proceedings of the 12th European Conference on Artificial
                  Intelligence (ECAI'96)",
  booktitle = 	"Proceedings of the 12th European Conference on Artificial
                  Intelligence (ECAI'96)",
  year = 	1996,
  publisher = 	wil,
  address = 	"Budapest, Hungary",
  month = 	Aug,
}


@Proceedings{ecai98,
  key =         "ECAI-98",
  editor =      "H. Prade",
  title = 	"Proceedings of the 13th European Conference on Artificial
                  Intelligence (ECAI'98)",
  booktitle = 	"Proceedings of the 13th European Conference on Artificial
                  Intelligence (ECAI'98)",
  year = 	1998,
  publisher = 	wil,
  address = 	"Brighton, UK",
  month = 	Aug,
}

@Proceedings{ecai00,
  key =         "ECAI-00",
  editor =      "W. Horn",
  title = 	"Proceedings of the 14th European Conference on Artificial
                  Intelligence (ECAI'00)",
  booktitle = 	"Proceedings of the 14th European Conference on Artificial
                  Intelligence (ECAI'00)",
  year = 	2000,
  publisher = 	wil,
  address = 	"Berlin, Germany",
  month = 	Aug,
}


@Proceedings{ecai02,
  key =         "ECAI-02",
  editor =      "F. Van Harmelen",
  title =       "Proceedings of the 15th European Conference on Artificial
                  Intelligence (ECAI'02)",
  booktitle =   "Proceedings of the 15th European Conference on Artificial
                  Intelligence (ECAI'02)",
  year =        2002,
  publisher =   wil,
  address =     "Lyon, France",
  month =       Jul,
}

@Proceedings{ecai04,
  key =         "ECAI-04",
  editor =      "Lorenza Saitta",
  title =       "Proceedings of the 16th European Conference on Artificial
                  Intelligence (ECAI'04)",
  booktitle =   "Proceedings of the 16th European Conference on Artificial
                  Intelligence (ECAI'04)",
  year =        2004,
  publisher =   wil,
  address =     "Valencia, Spain",
  month =       Aug,
}

@Proceedings{ecai08,
  key =         "ECAI-08",
  editor =      "Malik Ghallab",
  title =       "Proceedings of the 18th European Conference on Artificial
                  Intelligence (ECAI'08)",
  booktitle =   "Proceedings of the 18th European Conference on Artificial
                  Intelligence (ECAI'08)",
  year =        2008,
  publisher =   wil,
  address =     "Patras, Greece",
  month =       Jul,
}

@Proceedings{ecai10,
  key =         "ECAI-10",
  editor =       "Helder Coelho and Rudi Studer and Michael Wooldridge",
  publisher =    "IOS Press",
  year =         2010,
  title =       "Proceedings of the 19th European Conference on Artificial
                  Intelligence (ECAI'10)",
  booktitle =   "Proceedings of the 19th European Conference on Artificial
                  Intelligence (ECAI'10)",
  address = "Lisbon, Portugal",
  month = Aug,
}

@Proceedings{ecai12,
  key =         "ECAI'12",
  editor =       "Luc De Raedt",
  publisher =    "IOS Press",
  year =         2012,
  title =       "Proceedings of the 20th European Conference on Artificial
                  Intelligence (ECAI'12)",
  booktitle =   "Proceedings of the 20th European Conference on Artificial
                  Intelligence (ECAI'12)",
  address = "Montpellier, France",
  month = Aug,
}

@Proceedings{ecai14,
  key =         "ECAI'14",
  editor =       "Thorsten Schaub",
  publisher =    "IOS Press",
  year =         2014,
  title =       "Proceedings of the 21st European Conference on Artificial
                  Intelligence (ECAI'14)",
  booktitle =   "Proceedings of the 21st European Conference on Artificial
                  Intelligence (ECAI'14)",
  address = "Prague, Czech Republic",
  month = Aug,
}

%%%%% ECSQA(R)U %%%%%%%
%%%%%%%%%%%%%%%%%%%%



@Proceedings{ecsqau91,
  title = 	 "Symbolic and Quantitative Approaches to Uncertainty,
		  Proceedings of the European Conference (ECSQAU-91)", 
  booktitle = 	 "Symbolic and Quantitative Approaches to Uncertainty,
		  Proceedings of the European Conference (ECSQAU-91)", 
  year = 	 "1991",
  key =		 "ECSQAU-91",
  editor =	 "Kruse, R. and P. Siegel",
  publisher =	 spring,
  organization = "",
  address =	 "Marseilles, France",
}

@Proceedings{ecsqaru95,
  title = 	 "Symbolic and Quantitative Approaches to Reasoning
		  and Uncertainty,
		  Proceedings of the European Conference (ECSQARU-95)", 
  booktitle = 	 "Symbolic and Quantitative Approaches to Reasoning
		  and Uncertainty,
		  Proceedings of the European Conference (ECSQARU-95)", 
  year = 	 "1991",
  key =		 "ECSQAU-95",
  editor =	 "C. Froidevaux and J. Kohlas",
  publisher =	 spring,
  organization = "",
  address =	 "Fribourg, Switzerland",
}



%%%%% EDBT %% %%%%%
%%%%%%%%%%%%%%%%%%%



@Proceedings{edbt90,
  key = "EDBT-90",
  title = 	"Proceedings of Extended Database Technology (EDBT-90)",
  booktitle = 	"Proceedings of Extended Database Technology (EDBT-90)",
  year = 	1990,
  editor = 	"",
  publisher = 	spring,
  address = 	"",
  month = 	"",
  note = 	""
}

%%%%% FOCS %% %%%%%
%%%%%%%%%%%%%%%%%%%



@Proceedings{focs91,
  title = 	 "Proceedings of the 32nd IEEE Symposium on
		  Foundations of Computer Science (FOCS-91)",
  booktitle = 	 "Proceedings of the 32nd IEEE Symposium on
		  Foundations of Computer Science (FOCS-91)",
  year = 	 "1991",
  key =		 "FOCS-91",
  editor = 	 "",
  publisher = "",
  organization = "",
  address = 	 "",
  month = 	 "",
  note = 	 "",
  annote = 	 ""
}


@proceedings{focs95,
  title     = {Proceedings of the 36th Annual Symposium on Foundations of Computer Science (FOCS-95)},
  year      = {1995},
  key =		 "FOCS-95",
  publisher = {{IEEE} Computer Society},
  timestamp = {Mon, 17 Nov 2014 11:18:07 +0100},
  biburl    = {http://dblp.uni-trier.de/rec/bib/conf/focs/1995},
  bibsource = {dblp computer science bibliography, http://dblp.org}
}


%%%%% GWAI %% %%%%%
%%%%%%%%%%%%%%%%%%%




@Proceedings{gwai82,
  booktitle =   "GWAI-82. 6th German Workshop on Artificial
		  Intelligence",
  title = 	"GWAI-82. 6th German Workshop on Artificial
		  Intelligence",
  year = 	1982,
  editor = 	"W. Wahlster",
  publisher = 	spring,
  address = 	"Bad Honnef, Germany",
  month = 	sep
}


@Proceedings{gwai83,
  booktitle =   "GWAI-83. 7th German Workshop on Artificial
		  Intelligence",
  title = 	"GWAI-83. 7th German Workshop on Artificial
		  Intelligence",
  year = 	1983,
  editor = 	"B. Neumann",
  publisher = 	spring,
  address = 	"Dassel/Solling, Germany",
  month = 	sep
}


@Proceedings{gwai84,
  booktitle =   "GWAI-84. 8th German Workshop on Artificial
		  Intelligence",
  title = 	"GWAI-84. 8th German Workshop on Artificial
		  Intelligence",
  year = 	1984,
  editor = 	"J. Laubsch",
  publisher = 	spring,
  address = 	"Wingst/Stade, Germany",
  month = 	sep
}


@Proceedings{gwai85,
  booktitle =   "GWAI-85. 9th German Workshop on Artificial
		 Intelligence",
  title = 	"GWAI-85. 9th German Workshop on Artificial
		 Intelligence",
  year = 	1985,
  editor = 	"H. Stoyan",
  publisher = 	spring,
  address = 	"Dassel, Germany",
  month = 	sep
}

@Proceedings{gwai86,
  booktitle =   "GWAI-86  und 2.\ {\"O}sterreichische 
		  Artificial-Intelligence-Tagung",
  title = 	"GWAI-86  und 2.\ {\"O}sterreichische 
		  Artificial-Intelligence-Tagung",
  year = 	1986,
  editor = 	"C.-R. Rollinger and W. Horn",
  publisher = 	spring,
  address = 	"Ottenstein, Austria",
  month = 	sep
}

@Proceedings{gwai87,
  booktitle =   "GWAI-87. 11th German Workshop on Artificial
		 Intelligence",
  title = 	"GWAI-87. 11th German Workshop on Artificial
		 Intelligence",
  year = 	1987,
  editor = 	"K. Morik",
  publisher = 	spring,
  address = 	"Geseke, Germany",
  month = 	sep
}

@Proceedings{gwai88,
  booktitle =   "K{\"u}nstliche
		 Intelligenz. GWAI-88, 12.\ Jahrestagung",
  title = 	"K{\"u}nstliche
		 Intelligenz. GWAI-88, 12.\ Jahrestagung",
  year = 	1988,
  editor = 	"W. Hoeppner",
  publisher = 	spring,
  address = 	"Eringerfeld, Germany",
  month = 	sep
}


@Proceedings{gwai89,
  booktitle =   "GWAI-89. 13th German Workshop on Artificial
		 Intelligence",
  title = 	"GWAI-89. 13th German Workshop on Artificial
		 Intelligence",
  year = 	1989,
  editor = 	"D. Metzing",
  publisher = 	spring,
  address = 	"Eringerfeld, Germany",
  month = 	sep
}


@Proceedings{gwai90,
  booktitle =   "GWAI-90. 14th German Workshop on Artificial Intelligence",
  title = 	"GWAI-90. 14th German Workshop on Artificial Intelligence",
  year = 	1990,
  editor = 	"H. Marburger",
  publisher = 	spring,
  address = 	"Eringerfeld, Germany",
  month = 	sep
}

@Proceedings{gwai91,
  booktitle =   "GWAI-91. 15.\ Fachtagung f{\"u}r  K{\"u}nstliche
		 Intelligenz",
  title = 	"GWAI-91. 15.\ Fachtagung f{\"u}r  K{\"u}nstliche
		 Intelligenz",
  year = 	1991,
  editor = 	"Th. Christaller",
  publisher = 	spring,
  address = 	"Bonn, Germany",
  month = 	sep
}

@Proceedings{gwai92,
  booktitle =   "GWAI-92. 16.\ Fachtagung f{\"u}r  K{\"u}nstliche
		 Intelligenz",
  title = 	"GWAI-92. 16.\ Fachtagung f{\"u}r  K{\"u}nstliche
		 Intelligenz",
  year = 	1992,
  editor = 	"H. J. Ohlbach",
  publisher = 	"Max-Planck-Institut f{\"u}r Informatik",
  address = 	"Bonn, Germany",
  month = 	sep,
  location =    "proc"
}



@Proceedings{ki94,
  title = 	 "KI-94: Advances in Artificial Intelligence",
  booktitle = 	 "KI-94: Advances in Artificial Intelligence",
  year = 	 "1994",
  key =		 "KI-94",
  editor =	 "B. Nebel and L. Dreschler-Fischer",
  publisher =	 spring,
  address =	 "Saarbr{\"u}cken, Germany",
  ISBN = "3-540-58467-6"
}


@Proceedings{ki95,
  title = 	 "KI-95: Advances in Artificial Intelligence",
  booktitle = 	 "KI-95: Advances in Artificial Intelligence",
  year = 	 "1995",
  key =		 "KI-95",
  editor =	 "I. Wachsmuth and C.-R. Rollinger and W. Brauer",
  publisher =	 spring,
  address =      "Bielefeld, Germany",
}

@Proceedings{ki97,
  title = 	 "KI-97: Advances in Artificial Intelligence",
  booktitle = 	 "KI-97: Advances in Artificial Intelligence",
  year = 	 "1997",
  key =		 "KI-97",
  editor =	 "G. Brewka and Ch. Habel and B. Nebel",
  publisher =	 spring,
  address =      "Freiburg, Germany",
}

@Proceedings{ki98,
  editor    = {Otthein Herzog and Andreas G{\"u}nter},
  title     = {Proceedings of the 22nd Annual German Conference on Advances in Artificial Intelligence (KI'98)},
  booktitle = {Proceedings of the 22nd Annual German Conference on Advances in Artificial Intelligence (KI'98)},
  publisher = {Springer},
  series    = {Lecture Notes in Computer Science},
  volume    = {1504},
  address   = {Bremen, Germany},
  year      = {1998},
}

@Proceedings{ki99,
  title = 	 "KI-99: Advances in Artificial Intelligence",
  booktitle = 	 "KI-99: Advances in Artificial Intelligence",
  year = 	 "1999",
  key =		 "KI-99",
  editor =	 "W. Burgard and A. B. Cremers and T. Christaller",
  publisher =	 spring,
  address =      "Bonn, Germany",
}

@Proceedings{ki04,
  title = 	 "KI-04: Advances in Artificial Intelligence",
  booktitle = 	 "KI-04: Advances in Artificial Intelligence",
  year = 	 "2004",
  key =		 "KI-04",
  editor =	 "S. Biundo and T. Fr{\"u}hwirth and G{\"u}nther Palm",
  publisher =	 spring,
  address =      "Ulm, Germany",
}


@proceedings{ki11,
  editor    = {Joscha Bach and
               Stefan Edelkamp},
  title     = {Proceedings of the 34th Annual German Conference on Artificial Intelligence (KI'11)},
  booktitle     = {Proceedings of the 34th Annual German Conference on Artificial Intelligence (KI'11)},
  publisher = {Springer},
  series    = {Lecture Notes in Computer Science},
  volume    = {7006},
  year      = {2011},
}

@proceedings{ki13,
  editor    = {Ingo J. Timm and
               Matthias Thimm},
  title     = {Proceedings of the 36th Annual German Conference on Artificial Intelligence (KI'11)},
  booktitle     = {Proceedings of the 36th Annual German Conference on Artificial Intelligence (KI'11)},
  publisher = {Springer},
  series    = {Lecture Notes in Computer Science},
  volume    = {8077},
  year      = {2013},
}

@proceedings{ki17,
  editor    = {Gabriele Kern{-}Isberner and
               Johannes F{\"{u}}rnkranz and
               Matthias Thimm},
  title     = {Proceedings of the 40th Annual German Conference on Artificial Intelligence (KI'11)},
  booktitle     = {Proceedings of the 40th Annual German Conference on Artificial Intelligence (KI'11)},
  publisher = {Springer},
  series    = {Lecture Notes in Computer Science},
  volume    = {10505},
  year      = {2017},
}


%%%%% ICAPS %%%%%
%%%%%%%%%%%%%%%%

@Proceedings{icaps03,
  key = 	 "ICAPS-03",
  title = 	 "Proceedings of the 13th International Conference on 
                  Automated Planning and Scheduling (ICAPS'03)",
  booktitle = 	 "Proceedings of the 13th International Conference on 
                  Automated Planning and Scheduling (ICAPS'03)",
  year = 	 2003,
  editor = 	 "Enrico Giunchiglia and Nicola Muscettola and Dana Nau",
  publisher = kauf,
  organization = "",
  address = 	 "Trento, Italy",
  month = 	 "",
}

@Proceedings{icaps04,
  key = 	 "ICAPS-04",
  title = 	 "Proceedings of the 14th International Conference on 
                  Automated Planning and Scheduling (ICAPS'04)",
  booktitle = 	 "Proceedings of the 14th International Conference on 
                  Automated Planning and Scheduling (ICAPS'04)",
  year = 	 2004,
  editor = 	 "Sven Koenig and Shlomo Zilberstein and Jana Koehler",
  publisher = kauf,
  organization = "",
  address = 	 "Whistler, Canada",
  month = 	 "",
}

@Proceedings{icaps05,
  key = 	 "ICAPS-05",
  title = 	 "Proceedings of the 15th International Conference on 
                  Automated Planning and Scheduling (ICAPS-05)",
  booktitle = 	 "Proceedings of the 15th International Conference on 
                  Automated Planning and Scheduling (ICAPS-05)",
  year = 	 2005,
  editor = 	 "Susanne Biundo and Karen Myers and Kanna Rajan",
  publisher = kauf,
  organization = "",
  address = 	 "Monterey, CA, USA",
  month = 	 "",
}



@Proceedings{icaps06,
  key = 	 "ICAPS-06",
  title = 	 "Proceedings of the 16th International Conference on 
                  Automated Planning and Scheduling (ICAPS'06)",
  booktitle = 	 "Proceedings of the 16th International Conference on 
                  Automated Planning and Scheduling (ICAPS'06)",
  year = 	 2006,
  editor = 	 "Derek Long and Stephen Smith",
  publisher = kauf,
  OPTorganization = "",
  address = 	 "Ambleside, UK",
  OPTmonth = 	 "",
}


@Proceedings{icaps07,
  key = 	 "ICAPS-07",
  title = 	 "Proceedings of the 17th International Conference on 
                  Automated Planning and Scheduling (ICAPS'07)",
  booktitle = 	 "Proceedings of the 17th International Conference on 
                  Automated Planning and Scheduling (ICAPS'07)",
  year = 	 2007,
  editor = 	 "Mark Boddy and Maria Fox and Sylvie Thiebaux",
  publisher = kauf,
  OPTorganization = "",
  address = 	 "Providence, Rhode Island, USA",
  OPTmonth = 	 "",
}




@Proceedings{icaps08,
  editor =       "Jussi Rintanen and Bernhard Nebel and J. Christopher
                  Beck and Eric Hansen",
  title =        "Proceedings of the 18th International Conference on
                  Automated Planning and Scheduling (ICAPS'08)",
  booktitle =    "Proceedings of the 18th International Conference on
                  Automated Planning and Scheduling (ICAPS'08)",
  year =         "2008",
  publisher =    "AAAI Press"
}


@Proceedings{icaps09,
  editor =       "Alfonso Gerevini and Adele Howe and Amedeo Cesta and
                  Ioannis Refanidis",
  title = 	 "Proceedings of the 19th International Conference on
                  Automated Planning and Scheduling (ICAPS'09)",
  booktitle = 	 "Proceedings of the 19th International Conference on
                  Automated Planning and Scheduling (ICAPS'09)",
  year =         "2009",
  publisher =    "AAAI Press"
}


@Proceedings{icaps10,
  editor    = {Ronen I. Brafman and
               Hector Geffner and
               J{\"o}rg Hoffmann and
               Henry A. Kautz},
  title = 	 "Proceedings of the 20th International Conference on
                  Automated Planning and Scheduling (ICAPS'10)",
  booktitle = 	 "Proceedings of the 20th International Conference on
                  Automated Planning and Scheduling (ICAPS'10)",
  year =         "2010",
  publisher =    "AAAI Press"
}

@Proceedings{icaps11,
 editor    = {Fahiem Bacchus and
               Carmel Domshlak and
               Stefan Edelkamp and
               Malte Helmert},
  title = 	 "Proceedings of the 21st International Conference on
                  Automated Planning and Scheduling (ICAPS'11)",
  booktitle = 	 "Proceedings of the 21st International Conference on
                  Automated Planning and Scheduling (ICAPS'11)",
  year =         "2011",
  publisher =    "AAAI Press"
}

@Proceedings{icaps12,
  editor =       "Blai Bonet and Lee McCluskey and Jos\'{e} Reinaldo Silva and Brian Williams",
  title = 	 "Proceedings of the 22nd International Conference on
                  Automated Planning and Scheduling (ICAPS'12)",
  booktitle = 	 "Proceedings of the 22nd International Conference on
                  Automated Planning and Scheduling (ICAPS'12)",
  year =         "2012",
  publisher =    "AAAI Press"
}

@Proceedings{icaps13,
  editor =       "Daniel Borrajo and Simone Fratini and Subbarao Kambhampati and Angelo Oddi",
  title = 	 "Proceedings of the 23rd International Conference on
                  Automated Planning and Scheduling (ICAPS'13)",
  booktitle = 	 "Proceedings of the 23rd International Conference on
                  Automated Planning and Scheduling (ICAPS'13)",
  year =         "2013",
  address = "Rome, Italy",
  publisher =    "AAAI Press"
}

@Proceedings{icaps14,
  editor =       "Steve Chien and Minh Do and Alan Fern and Wheeler Ruml",
  title = 	 "Proceedings of the 24th International Conference on
                  Automated Planning and Scheduling (ICAPS'14)",
  booktitle = 	 "Proceedings of the 24th International Conference on
                  Automated Planning and Scheduling (ICAPS'14)",
  year =         "2014",
  publisher =    "AAAI Press"
}

@Proceedings{icaps15,
  editor =       "Ronen Brafman and Carmel Domshlak and Patrik Haslum and Shlomo Zilberstein",
  title = 	 "Proceedings of the 25th International Conference on
                  Automated Planning and Scheduling (ICAPS'15)",
  booktitle = 	 "Proceedings of the 25th International Conference on
                  Automated Planning and Scheduling (ICAPS'15)",
  year =         "2015",
  publisher =    "AAAI Press"
}

@Proceedings{icaps16,
  editor =       "Amanda Coles and Andrew Coles and Stefan Edelkamp and Daniele Magazzeni and Scott Sanner",
  title = 	 "Proceedings of the 26th International Conference on
                  Automated Planning and Scheduling (ICAPS'16)",
  booktitle = 	 "Proceedings of the 26th International Conference on
                  Automated Planning and Scheduling (ICAPS'16)",
  year =         "2016",
  publisher =    "AAAI Press"
}

@Proceedings{icaps17,
  title =    "Proceedings of the 27th International Conference on
                  Automated Planning and Scheduling (ICAPS'17)",
  booktitle =    "Proceedings of the 27th International Conference on
                  Automated Planning and Scheduling (ICAPS'17)",
  year =         "2017",
  publisher =    "AAAI Press"
}

@Proceedings{icaps18,
  title =    "Proceedings of the 28th International Conference on
                  Automated Planning and Scheduling (ICAPS'18)",
  booktitle =    "Proceedings of the 28th International Conference on
                  Automated Planning and Scheduling (ICAPS'18)",
  year =         "2018",
  publisher =    "AAAI Press"
}




%%%%% SOCS %%%%%
%%%%%%%%%%%%%%%%

@Proceedings{socs10,
  editor =		"Ariel Felner and Nathan R. Sturtevant",
  title =		"Proceedings of the 3rd Annual Symposium on
				 Combinatorial Search (SOCS'10)",
  booktitle =	"Proceedings of the 3rd Annual Symposium on
				 Combinatorial Search (SOCS'10)",
  address =		"Stone Mountain, Atlanta, GA",
  month =		Jul,
  publisher =	"AAAI Press",
  year =	 	"2010",
}

@Proceedings{socs11,
  editor =       "Daniel Borrajo and Maxim Likhachev and Carlos {Linares L{\'o}pez}",
  title =        "Proceedings of the 4th Annual Symposium on Combinatorial
                  Search (SOCS'11)",
  booktitle =    "Proceedings of the 4th Annual Symposium on Combinatorial
                  Search (SOCS'11)",
  publisher =    "AAAI Press",
  year =         "2011"
}

@Proceedings{socs12,
  editor =       "Daniel Borrajo and Ariel Felner and Richard Korf and
                  Maxim Likhachev and Carlos {Linares L{\'o}pez} and
                  Wheeler Ruml and Nathan Sturtevant",
  title =        "Proceedings of the 5th Annual Symposium on Combinatorial
                  Search (SOCS'12)",
  booktitle =    "Proceedings of the 5th Annual Symposium on Combinatorial
                  Search (SOCS'12)",
  publisher =    "AAAI Press",
  year =         "2012"
}

@Proceedings{socs13,
  editor =       "Malte Helmert and Gabriele R{\"o}ger",
  title =        "Proceedings of the 6th Annual Symposium on Combinatorial
                  Search (SOCS'13)",
  booktitle =    "Proceedings of the 6th Annual Symposium on Combinatorial
                  Search (SOCS'13)",
  publisher =    "AAAI Press",
  year =         "2013"
}

@Proceedings{socs14,
  editor =       "Stefan Edelkamp and Roman Bartak",
  title =        "Proceedings of the 7th Annual Symposium on Combinatorial
                  Search (SOCS'14)",
  booktitle =    "Proceedings of the 7th Annual Symposium on Combinatorial
                  Search (SOCS'14)",
  publisher =    "AAAI Press",
  year =         "2014"
}

@Proceedings{socs15,
  editor =       "Levi Lelis and Roni Stern",
  title =        "Proceedings of the 8th Annual Symposium on Combinatorial
                  Search (SOCS'15)",
  booktitle =    "Proceedings of the 8th Annual Symposium on Combinatorial
                  Search (SOCS'15)",
  publisher =    "AAAI Press",
  year =         "2015"
}

@Proceedings{socs16,
  editor =       "Jorge Baier and Adi Botea",
  title =        "Proceedings of the 9th Annual Symposium on Combinatorial
                  Search (SOCS'16)",
  booktitle =    "Proceedings of the 9th Annual Symposium on Combinatorial
                  Search (SOCS'16)",
  publisher =    "AAAI Press",
  year =         "2016"
}

@Proceedings{socs17,
  editor =       "Alex Fukunaga and Akihiro Kishimoto",
  title =        "Proceedings of the 10th Annual Symposium on Combinatorial
                  Search (SOCS'17)",
  booktitle =    "Proceedings of the 10th Annual Symposium on Combinatorial
                  Search (SOCS'17)",
  publisher =    "AAAI Press",
  year =         "2017"
}

@Proceedings{socs18,
  editor =       "Vadim Bulitko and Sabine Storandt",
  title =        "Proceedings of the 11th Annual Symposium on Combinatorial
                  Search (SOCS'18)",
  booktitle =    "Proceedings of the 11th Annual Symposium on Combinatorial
                  Search (SOCS'18)",
  publisher =    "AAAI Press",
  year =         "2018"
}



%%%%% SPIN %%%%%
%%%%%%%%%%%%%%%%

@Proceedings{spin01,
key = "SPIN-01",
title = "Proceedings of the 8th International SPIN Workshop on 
         Model Checking of Software (SPIN-01)",
booktitle = "Proceedings of the 8th International SPIN Workshop on 
         Model Checking of Software (SPIN-01)",
year = 2001,
editor = "Moshe Y. Vardi and Matt B. Dwyer and Marsha Chechik",
publisher = spring,
address = "Toronto, Canada",
month = "May",
}

@Proceedings{spin03,
key = "SPIN-03",
title = "Proceedings of the 10th International SPIN Workshop on 
         Model Checking of Software (SPIN-03)",
booktitle = "Proceedings of the 10th International SPIN Workshop on 
             Model Checking of Software (SPIN-03)",
year = 2003,
editor = "Thomas Ball and Sriram Rajamani",
publisher = spring,
address = "Portland, OR",
month = "May",
}


@proceedings{spin06,
  title =	 {Proceedings of the 13th International SPIN Workshop (SPIN 2006)},
  booktitle =	 {Proceedings of the 13th International SPIN Workshop (SPIN 2006)},
  editor =	 {Antti Valmari},
  volume =	 3925,
  series =	 lncs,
  publisher =	 spring,
  year =	 2006,
}

@proceedings{spin11,
  editor    = {Alex Groce and
               Madanlal Musuvathi},
  title =	 {Proceedings of the 18th International SPIN Workshop (SPIN'11)},
  booktitle =	 {Proceedings of the 18th International SPIN Workshop (SPIN'11)},
  volume    = {6823},
  series =	 lncs,
  publisher =	 spring,
  year =	 2011,
}

@proceedings{spin12,
  editor    = {Alastair F. Donaldson and
               David Parker},
  title     = {Proceedings of the 19th International Workshop on Model Checking Software (SPIN'12)},
  series    = {Lecture Notes in Computer Science},
  volume    = {7385},
  publisher = {Springer},
  year      = {2012},
}

@proceedings{spin18,
  editor    = {Mar\'ia del Mar Gallardo and
               Pedro Merino},
  title     = {Proceedings of the 25th International Symposium on Model Checking of Software (SPIN'18)},
  booktitle     = {Proceedings of the 25th International Symposium on Model Checking of Software (SPIN'18)},
  series    = {Lecture Notes in Computer Science},
  volume    = {},
  publisher = {Springer},
  year      = {2018},
}







@Proceedings{epia01,
key = "EPIA-01",
title = "Proceedings of the 10th Portuguese Conference on Artificial 
         Intelligence (EPIA-01)",
booktitle = "Proceedings of the 10th Portuguese Conference on Artificial 
             Intelligence (EPIA-01)",
year = 2001,
editor = "Pavel Brazdil and Alipio Jorge",
publisher = spring,
address = "Porto, Portugal",
month = Dec,
}








%%%%% IEA/AIE %%%%%
%%%%%%%%%%%%%%%%%%%

@Proceedings{ieaaie88,
  Key = "IEA/AIE-88",
  title = 	"Proceedings of the First International Conference on
		 Industrial \& Engineering Applications of Artificial
		 Intelligence \& Expert Systems (IEA/AIE-88)",
  booktitle = 	"Proceedings of the First International Conference on
		 Industrial \& Engineering Applications of Artificial
		 Intelligence \& Expert Systems (IEA/AIE-88)",
  year = 	1988,
  address = 	"Tullahoma, TN",
  month = 	Jun
}

@Proceedings{ieaaie89,
  Key = "IEA/AIE-89",
  title = 	"Proceedings of the Second International Conference on
		 Industrial \& Engineering Applications of Artificial
		 Intelligence \& Expert Systems (IEA/AIE-89)",
  booktitle = 	"Proceedings of the Second International Conference on
		 Industrial \& Engineering Applications of Artificial
		 Intelligence \& Expert Systems (IEA/AIE-89)",
  year = 	1989,
  address = 	"Tullahoma, TN",
  month = 	Jun
}





%%%%% IJCAI %%%%%
%%%%%%%%%%%%%%%%%

@Proceedings{ijcai69,
  Key = "IJCAI-69",
  title = 	"Proceedings of the 1st International Joint Conference on
                   Artificial Intelligence (IJCAI'69)",
  booktitle = 	"Proceedings of the 1st International Joint Conference on
                   Artificial Intelligence (IJCAI'69)",
  year = 	1969,
  editor = 	"D. E. Walker and L. M. Norton",
  address = 	"Washington, DC",
  publisher =   wk,
  month = 	May
}

@Proceedings{ijcai71,
  Key = "IJCAI-71",
  title = 	"Proceedings of the 2nd International Joint Conference on
                   Artificial Intelligence (IJCAI'71)",
  booktitle = 	"Proceedings of the 2nd International Joint Conference on
                   Artificial Intelligence (IJCAI'71)",
  year = 	1971,
  publisher = wk,
  address = 	"London, UK",
  month = 	Sep
}

@Proceedings{ijcai73,
  Key = "IJCAI-73",
  title = 	"Proceedings of the 3rd International Joint Conference on
                   Artificial Intelligence (IJCAI'73)",
  booktitle = 	"Proceedings of the 3rd International Joint Conference on
                   Artificial Intelligence (IJCAI'73)",
  year = 	1973,
  publisher = 	wk,
  address = 	"Stanford, CA",
  month = 	Aug
}

@Proceedings{ijcai75,
  Key = "IJCAI-75",
  title = 	"Proceedings of the 4th International Joint Conference on
                   Artificial Intelligence (IJCAI'75)",
  booktitle = 	"Proceedings of the 4th International Joint Conference on
                   Artificial Intelligence (IJCAI'75)",
  year = 	1975,
  publisher =	 wk,
  organization = 	"",
  address = 	"Tiblisi, USSR",
  month = 	Sep,
}

@Proceedings{ijcai77,
  Key = "IJCAI-77",
  title = 	"Proceedings of the 5th International Joint Conference on
                   Artificial Intelligence (IJCAI'77)",
  booktitle = 	"Proceedings of the 5th International Joint Conference on
                   Artificial Intelligence (IJCAI'77)",
  year = 	1977,
  address = 	"Cambridge, MA",
  publisher =   wk,
  month = 	Aug,
}

@Proceedings{ijcai79,
  Key = "IJCAI-79",
  title = 	"Proceedings of the 6th International Joint Conference on
                   Artificial Intelligence (IJCAI'79)",
  booktitle = 	"Proceedings of the 6th International Joint Conference on
                   Artificial Intelligence (IJCAI'79)",
  year = 	1979,
  address = 	"Tokio, Japan",
  publisher =   wk,
  month = 	Aug
}

@Proceedings{ijcai81,
  Key = "IJCAI-81",
  title = 	"Proceedings of the 7th International Joint Conference on
                   Artificial Intelligence (IJCAI'81)",
  booktitle = 	"Proceedings of the 7th International Joint Conference on
                   Artificial Intelligence (IJCAI'81)",
  year = 	"1981",
  editor = 	"P. Hayes",
  address = 	"Vancouver, Canada",
  publisher =   wk,
  month = 	Aug,
}

@Proceedings{ijcai83,
  Key = "IJCAI-83",
  title = 	"Proceedings of the 8th International Joint Conference on
                   Artificial Intelligence (IJCAI'83)",
  booktitle = 	"Proceedings of the 8th International Joint Conference on
                   Artificial Intelligence (IJCAI'83)",
  year = 	1983,
  editor = 	"A. Bundy",
  publisher =	 wk,
  address = 	"Karlsruhe,  Germany",
  month = 	Aug
}

@Proceedings{ijcai85,
  Key = "IJCAI-85",
  title = 	"Proceedings of the 9th International Joint Conference on
                   Artificial Intelligence (IJCAI'85)",
  booktitle = 	"Proceedings of the 9th International Joint Conference on
                   Artificial Intelligence (IJCAI'85)",
  year = 	1985,
  publisher =   kauf,
  address = 	"Los Angeles, CA",
  month = 	Aug
}

@Proceedings{ijcai87,
  Key = "IJCAI-87",
  title = 	"Proceedings of the 10th International Joint Conference on
                   Artificial Intelligence (IJCAI'87)",
  booktitle = 	"Proceedings of the 10th International Joint Conference on
                   Artificial Intelligence (IJCAI'87)",
  year = 	1987,
  editor = 	"J. McDermott",
  publisher = 	kauf,
  address = 	"Milan, Italy",
  month = 	Aug
}


@Proceedings{ijcai89,
  Key = "IJCAI-89",
  title = 	"Proceedings of the 11th International Joint Conference on
                   Artificial Intelligence (IJCAI'89)",
  booktitle = 	"Proceedings of the 11th International Joint Conference on
                   Artificial Intelligence (IJCAI'89)",
  year = 	1989,
  editor = 	"N. S. Sridharan",
  publisher = 	kauf,
  address = 	"Detroit, MI",
  month = 	Aug
}

@Proceedings{ijcai91,
  Key = "IJCAI-91",
  title = 	"Proceedings of the 12th International Joint Conference on
                   Artificial Intelligence (IJCAI'91)",
  booktitle = 	"Proceedings of the 12th International Joint Conference on
                   Artificial Intelligence (IJCAI'91)",
  year = 	1991,
  editor = 	"J. Mylopoulos and R. Reiter",
  publisher = 	kauf,
  address = 	"Sydney, Australia",
  month = 	Aug
}

@Proceedings{ijcai93,
  Key = "IJCAI-93",
  title = 	"Proceedings of the 13th International Joint Conference on
                   Artificial Intelligence (IJCAI'93)",
  booktitle = 	"Proceedings of the 13th International Joint Conference on
                   Artificial Intelligence (IJCAI'93)",
  year = 	1993,
  editor = 	"",
  publisher =	 kauf,
  address = 	"Chambery, France",
  month = 	Aug
}

@Proceedings{ijcai95,
  Key = "IJCAI-95",
  title = 	"Proceedings of the 14th International Joint Conference on
                   Artificial Intelligence (IJCAI'95)",
  booktitle = 	"Proceedings of the 14th International Joint Conference on
                   Artificial Intelligence (IJCAI'95)",
  year = 	1995,
  editor = 	"S. Mellish",
  publisher =	 kauf,
  address = 	"Montreal, Canada",
  month = 	Aug
}

@Proceedings{ijcai97,
  Key = "IJCAI-97",
  title = 	"Proceedings of the 15th International Joint Conference on
                   Artificial Intelligence (IJCAI'97)",
  booktitle = 	"Proceedings of the 15th International Joint Conference on
                   Artificial Intelligence (IJCAI'97)",
  year = 	1997,
  editor = 	"M. Pollack",
  publisher =	 kauf,
  address = 	"Nagoya, Japan",
  month = 	Aug,
  ISBN =        "1-55860-480-4"
}

@Proceedings{ijcai99,
  Key = "IJCAI-96",
  title = 	"Proceedings of the 16th International Joint Conference on
                   Artificial Intelligence (IJCAI'99)",
  booktitle = 	"Proceedings of the 16th International Joint Conference on
                   Artificial Intelligence (IJCAI'99)",
  year = 	1999,
  editor = 	"M. Pollack",
  publisher =	 kauf,
  address = 	"Stockholm, Sweden",
  month = 	Aug,
  ISBN =        "1-55860-480-4"
}


@Proceedings{ijcai01,
  Key = "IJCAI-01",
  title = 	"Proceedings of the 17th International Joint Conference on
                   Artificial Intelligence (IJCAI'01)",
  booktitle = 	"Proceedings of the 17th International Joint Conference on
                   Artificial Intelligence (IJCAI'01)",
  year = 	2001,
  editor = 	"B. Nebel",
  publisher =	 kauf,
  address = 	"Seattle, Washington, USA",
  month = 	Aug,
  ISBN =        "1-55860-480-4"
}


@Proceedings{ijcai03,
  Key = "IJCAI-03",
  title = 	"Proceedings of the 18th International Joint Conference on
                   Artificial Intelligence (IJCAI'03)",
  booktitle = 	"Proceedings of the 18th International Joint Conference on
                   Artificial Intelligence (IJCAI'03)",
  year = 	2003,
  editor = 	"G. Gottlob",
  publisher =	 kauf,
  address = 	"Acapulco, Mexico",
  month = 	Aug
}

@Proceedings{ijcai05,
  Key = "IJCAI-05",
  title = 	"Proceedings of the 19th International Joint Conference on
                   Artificial Intelligence (IJCAI'05)",
  booktitle = 	"Proceedings of the 19th International Joint Conference on
                   Artificial Intelligence (IJCAI'05)",
  year = 	2005,
  editor = 	"Leslie Pack Kaelbling",
  publisher =	 kauf,
  address = 	"Edinburgh, UK",
  month = 	Aug
}

@Proceedings{ijcai07,
  Key = "IJCAI-07",
  title =       "Proceedings of the 20th International Joint Conference on
                   Artificial Intelligence (IJCAI'07)",
  booktitle =   "Proceedings of the 20th International Joint Conference on
                   Artificial Intelligence (IJCAI'07)",
  year =        2007,
  editor =      "Manuela Veloso",
  publisher =    kauf,
  address =     "Hyderabad, India",
  month =       Jan
}


@Proceedings{ijcai09,
  title =        "Proceedings of the 21st International Joint Conference on
                  Artificial Intelligence ({IJCAI}'09)",
  booktitle =    "Proceedings of the 21st International Joint Conference on
                  Artificial Intelligence ({IJCAI}'09)",
  year =         "2009",
  editor =      "Craig Boutilier",
  publisher =    kauf,
  address =     "Pasadena, California, USA",
  month =       Jul
}

@proceedings{ijcai11,
  editor    = {Toby Walsh},
  title     = {Proceedings of the 22nd International Joint
               Conference on Artificial Intelligence (IJCAI'11)},
  booktitle = {Proceedings of the 22nd International Joint
               Conference on Artificial Intelligence (IJCAI'11)},
  publisher = {AAAI Press/IJCAI},
  year      = {2011},
}

@proceedings{ijcai13,
  editor    = {Francesca Rossi},
  title     = {Proceedings of the 23rd International Joint
               Conference on Artificial Intelligence (IJCAI'13)},
  booktitle = {Proceedings of the 23rd International Joint
               Conference on Artificial Intelligence (IJCAI'13)},
  publisher = {AAAI Press/IJCAI},
  year      = {2013},
}

@proceedings{ijcai15,
  editor    = {Qiang Yang},
  title     = {Proceedings of the 24th International Joint
               Conference on Artificial Intelligence (IJCAI'15)},
  booktitle = {Proceedings of the 24th International Joint
               Conference on Artificial Intelligence (IJCAI'15)},
  publisher = {AAAI Press/IJCAI},
  year      = {2015},
}

@proceedings{ijcai16,
  editor    = {Subbarao Kambhampati},
  title     = {Proceedings of the 25th International Joint
               Conference on Artificial Intelligence (IJCAI'16)},
  booktitle = {Proceedings of the 25th International Joint
               Conference on Artificial Intelligence (IJCAI'16)},
  publisher = {AAAI Press/IJCAI},
  year      = {2016},
}

@proceedings{ijcai17,
  editor    = {Carles Sierra},
  title     = {Proceedings of the 26th International Joint
               Conference on Artificial Intelligence (IJCAI'17)},
  booktitle = {Proceedings of the 26th International Joint
               Conference on Artificial Intelligence (IJCAI'17)},
  publisher = {AAAI Press/IJCAI},
  year      = {2017},
}




%%%%% ICLP %%%%% %%%%%%%%%%%%%%%%%




@Proceedings{iclp88,
  title = 	 {Proceedings of the 5th International Conference on Logic programming},
  booktitle = 	 {Proceedings of the 5th International Conference on Logic programming},
  year = 	 {1988},
  key =		 {ICLP-88},
  editor =	 {K. Bowen and R. A. Kowalski},
  publisher =	 mit,
  address =	 {Seattle, WA},
  month = 	 {},
  note = 	 {},
  annote = 	 {}
}

@Proceedings{iclp89,
  title = 	 {Proceedings of the 6th International Conference on Logic programming},
  booktitle = 	 {Proceedings of the 6th International Conference on Logic programming},
  year = 	 {1989},
  key =		 {ICLP-89},
  editor =	 {G. Levi and M. Martelli},
  publisher =	 mit,
  address =	 {Lisbon, Portugal},
  month = 	 {},
  note = 	 {},
  annote = 	 {}
}

@Proceedings{iclp91,
  title = 	 {Proceedings of the 8th International Conference on Logic programming},
  booktitle = 	 {Proceedings of the 8th International Conference on Logic programming},
  year = 	 {1991},
  key =		 {ICLP-91},
  editor =	 {K. Furukawa},
  publisher =	 mit,
  address =	 {Paris, France},
  month = 	 {},
  note = 	 {},
  annote = 	 {}
}

@Proceedings{iclp94,
  title = 	 {Proceedings of the 11th International Conference on Logic programming},
  booktitle = 	 {Proceedings of the 11th International Conference on Logic programming},
  year = 	 {1994},
  key =		 {ICLP-94},
  publisher =	 mit,
  month = 	 {},
  note = 	 {},
  annote = 	 {}
}



%%%%% ICMAS %%%%%
%%%%%%%%%%%%%%%%%



@Proceedings{icmas95,
  booktitle =    "Proceedings of the 1st International Conference on
                 Multiagent Systems (ICMAS'95)",
  title =    "Proceedings of the 1st International Conference on
                 Multiagent Systems (ICMAS'95)",
  address =      "San Francisco, CA",
  year =         "1995",
  publisher =    "MIT Press",
}

@Proceedings{icmas96,
  title = 	 {Proceedings of the 2nd International Conference on Multi-Agent Systems (ICMAS'96)},
  booktitle = 	 {Proceedings of the 2nd International Conference on Multi-Agent Systems (ICMAS'96)},
  year = 	 {1996},
  editor = 	 {},
  publisher =	 {MIT Press},
  organization = {},
  address =	 {Kyoto, Japan},
  month = 	 {},
  note = 	 {},
  annote = 	 {}
}

@Proceedings{icmas98,
  title = 	 {Proceedings of the 3rd International Conference on Multi-Agent Systems (ICMAS'98)},
  booktitle = 	 {Proceedings of the 3rd International Conference on Multi-Agent Systems (ICMAS'98)},
  year = 	 {1998},
  key =		 {ICMAS-98},
  editor = 	 {Y. Demazeau},
  publisher =	 {IEEE Computer Society},
  address =	 {Paris, France},
  month =	 jul,
  note = 	 {},
  annote = 	 {}
}



%%%%% IPMU  %%%%%
%%%%%%%%%%%%%%%%%






@Proceedings{ipmu86,
  key = 	 "IPMU-86",
  title = 	 "Proceedings of the 1st International Conference on 
                  Information Processing and Management of
		  Uncertainty in Knowledge-Based Systems (IPMU-86)",
  booktitle = 	 "Proceedings of the 1st International Conference on 
                  Information Processing and Management of
		  Uncertainty in Knowledge-Based Systems (IPMU-86)",
  year = 	 1986,
  editor = 	 "",
  publisher = "",
  organization = "",
  address = 	 "Paris, France",
  month = 	 "",
}

@Proceedings{ipmu88,
  key = 	 "IPMU-88",
  title = 	 "Proceedings of the 2nd International Conference on 
                  Information Processing and Management of
		  Uncertainty in Knowledge-Based Systems (IPMU-88)",
  booktitle = 	 "Proceedings of the 2nd International Conference on 
                  Information Processing and Management of
		  Uncertainty in Knowledge-Based Systems (IPMU-88)",
  year = 	 1988,
  editor = 	 "",
  publisher = "",
  organization = "",
  address = 	 "Urbino, Italy",
  month = 	 "",
}

@Proceedings{ipmu90,
  key = 	 "IPMU-90",
  title = 	 "Proceedings of the 3rd International Conference on 
                  Information Processing and Management of
		  Uncertainty in Knowledge-Based Systems (IPMU-90)",
  booktitle = 	 "Proceedings of the 3rd International Conference on 
                  Information Processing and Management of
		  Uncertainty in Knowledge-Based Systems (IPMU-90)",
  year = 	 1990,
  editor = 	 "",
  publisher = "",
  organization = "",
  address = 	 "Paris, France",
  month = 	 "",
}

@Proceedings{ipmu92,
  key = 	 "IPMU-92",
  title = 	 "Proceedings of the 4th International Conference on 
                  Information Processing and Management of
		  Uncertainty in Knowledge-Based Systems (IPMU-92)",
  booktitle = 	 "Proceedings of the 4th International Conference on 
                  Information Processing and Management of
		  Uncertainty in Knowledge-Based Systems (IPMU-92)",
  year = 	 1992,
  editor = 	 "",
  publisher = "",
  organization = "",
  address = 	 "Palma de Mallorca, Spain",
  month = 	 "",
}

%%%%% IROS  %%%%%
%%%%%%%%%%%%%%%%%


@Proceedings{iros98,
  title = 	 {Proceedings of the International Conference on Intelligent Robots and Systems (IROS'98)},
  booktitle = 	 {Proceedings of the International Conference on Intelligent Robots and Systems (IROS'98)},
  year = 	 1998,
  key =		 {IROS-98},
  organization = {IEEE/RSJ}
}

@Proceedings{iros99,
  title = 	 {Proceedings of the International Conference on Intelligent Robots and Systems (IROS'99)},
  booktitle = 	 {Proceedings of the International Conference on Intelligent Robots and Systems (IROS'99)},
  year = 	 1999,
  key =		 {IROS-99},
  organization = {IEEE/RSJ}
}

%%%%% ISMIS %%%%%
%%%%%%%%%%%%%%%%%

@Proceedings{ismis86,
  Key = "ISMIS-86",
  title = 	"Proceedings of the First 
                  International Symposium on Methodologies 
		  for Intelligent Systems (ISMIS-86)",
  booktitle = 	"Proceedings of the First 
                  International Symposium on Methodologies 
		  for Intelligent Systems (ISMIS-86)",
  year = 	1986,
  editor = 	"Z. W. Ras and M. Zemankova",
  address = 	"Knoxville, TN",
  month = 	Oct
}

@Proceedings{ismis87,
  Key = "ISMIS-87",
  title = 	"Proceedings of the Second International Symposium
		 on Methodologies for Intelligent systems (ISMIS-87)",
  booktitle = 	"Proceedings of the Second International Symposium
		 on Methodologies for Intelligent systems (ISMIS-87)",
  year = 	1987,
  editor = 	"Z. W. Ras and M. Zemankova",
  publisher = 	nh,
  address = 	"Charlotte, NC",
  month = 	Oct
}

@Proceedings{ismis88,
  Key = "ISMIS-88",
  title = 	"Proceedings of the Third International Symposium
		 on Methodologies for Intelligent systems (ISMIS-88)",
  booktitle = 	"Proceedings of the Third International Symposium
		 on Methodologies for Intelligent systems (ISMIS-88)",
  year = 	1988,
  editor = 	"Z. W. Ras and L. Saitta",
  publisher = 	nh,
  address = 	"Torino, Italy",
  month = 	Oct
}

@Proceedings{ismis88coll,
  Key = "ISMIS-88 Colloquium",
  title = 	"Proceedings of the Third International Symposium
		 on Methodologies for Intelligent systems,
		 Colloquia Program",
  booktitle = 	"Proceedings of the Third International Symposium
		 on Methodologies for Intelligent systems,
		 Colloquia Program",
  year = 	1988,
  editor = 	"M. L. Emrich and Z. W. Ras and L. Saitta
		 and M. S. Phifer",
  publisher = 	"Oak Ridge National Laboratory, Oak Ridge, Tennessee",
  address = 	"Torino, Italy",
  month = 	Oct
}

@Proceedings{ismis89,
  Key = "ISMIS-89",
  title = 	"Proceedings of the Fourth International Symposium
		 on Methodologies for Intelligent systems (ISMIS-89)",
  booktitle = 	"Proceedings of the Fourth International Symposium
		 on Methodologies for Intelligent systems (ISMIS-89)",
  year = 	1989,
  editor = 	"Z. W. Ras",
  publisher = 	nh,
  address = 	"Charlotte, NC",
  month = 	Oct
}

@Proceedings{ismis90,
  Key = "ISMIS-90",
  title = 	"Proceedings of the Fifth International Symposium
		 on Methodologies for Intelligent systems (ISMIS-90)",
  booktitle = 	"Proceedings of the Fifth International Symposium
		 on Methodologies for Intelligent systems (ISMIS-90)",
  year = 	1990,
  editor = 	"Z. W. Ras",
  publisher = 	nh,
  address = 	"Knoxville, TN",
  month = 	Oct
}

@Book{ismis90sp,
  Key = "ISMIS-90-SP",
  title = 	"Methodologies for Intelligent systems: Selected
		 Papers",
  booktitle = 	"Methodologies for Intelligent systems: Selected
		 Papers",
  year = 	1990,
  editor = 	"M. L. Emrich and others",
  publisher =   "International Center for the Application of
                 Information Technology",
  address = 	"Knoxville, TN",
  month = 	Oct
}

@Proceedings{ismis93,
  Key = "ISMIS-93",
  title = 	"Proceedings of the Seventh International Symposium
		 on Methodologies for Intelligent systems (ISMIS-93)",
  booktitle = 	"Proceedings of the Seventh International Symposium
		 on Methodologies for Intelligent systems (ISMIS-93)",
  year = 	1993,
  editor =	 "J. Komorowski and Z. W. Ras",
  publisher = 	spring,
  address = 	"Trontheim, Norway",
  month = 	Jun
}

@Proceedings{ismis00,
  Key = "ISMIS-00",
  title = 	"Proceedings of the 12th International Symposium on 
                 Methodologies for Intelligent Systems (ISMIS-00)",
  booktitle = 	"Proceedings of the 12th International Symposium on 
                 Methodologies for Intelligent Systems (ISMIS-00)",
  year = 	2000,
  editor = 	"Z. W. Ras and S. Ohsuga",
  address = 	"Charlotte, NC",
  publisher =   spring,
  month = oct
}


%%%%% JELIA %%%%%
%%%%%%%%%%%%%%%%%



@Proceedings{jelia94,
  title = 	 "Logics in Artificial Intelligence -- European Workshop
		  JELIA'94", 
  booktitle = 	 "Logics in Artificial Intelligence -- European Workshop
		  JELIA'94", 
  year = 	 "1994",
  editor =	 "C. MacNish and D. Pearce and L.M. Pereira",
  volume = 	 "",
  number = 	 "",
  series = 	 "",
  publisher =	 spring,
  address =	 "York, UK",
  month = 	 sep,
}



@Proceedings{jelia02,
  title = 	 "Logics in Artificial Intelligence -- 8th European Conference
		  JELIA'02", 
  booktitle = 	 "Logics in Artificial Intelligence -- 8th European Conference
		  JELIA'02", 
  year = 	 "2002",
  editor =	 "Sergio Flesca, Sergio Greco, Nicola Leone, Giovambattista Ianni",
  volume = 	 "",
  number = 	 "",
  series = 	 "",
  publisher =	 spring,
  address =	 "Cosenza, Italy",
  month = 	 sep,
}

%%%%% KR %%%%%
%%%%%%%%%%%%%%

@Proceedings{kr89,
  Key = "KR-89",
  title = 	"Principles of Knowledge 
		  Representation and Reasoning: Proceedings of the 
		  1st International Conference (KR-89)",
  booktitle = 	"Principles of Knowledge 
		  Representation and Reasoning: Proceedings of the 
		  1st International Conference (KR-89)",
  year = 	1989,
  editor = 	"Brachman, R. and H. J. Levesque and R. Reiter",
  publisher = 	kauf, 
  address = 	"Toronto, ON",
  month = 	May
}

@Proceedings{kr91,
  key = "KR-91",
  title = 	"Principles of Knowledge 
		  Representation and Reasoning: Proceedings of the 
		  2nd International Conference (KR-91)",
  booktitle = 	"Principles of Knowledge 
		  Representation and Reasoning: Proceedings of the 
		  2nd International Conference (KR-91)",
  year = 	1991,
  editor = 	"Allen, J. A. and R. Fikes and E. Sandewall",
  publisher = 	kauf,
  address = 	"Cambridge, MA",
  month = 	Apr
}

@Proceedings{kr92,
  key = "KR-92",
  title = 	"Principles of Knowledge 
		  Representation and Reasoning: Proceedings of the 
		  3rd International Conference (KR-92)",
  booktitle = 	"Principles of Knowledge 
		  Representation and Reasoning: Proceedings of the 
		  3rd International Conference (KR-92)",
  year = 	1992,
  editor = 	"Nebel, B. and W. Swartout and C. Rich",
  publisher = 	kauf,
  address = 	"Cambridge, MA",
  month = 	Oct
}

@Proceedings{kr94,
  key = "KR-94",
  title = 	"Principles of Knowledge 
		  Representation and Reasoning: Proceedings of the 
		  4th International Conference (KR-94)",
  booktitle = 	"Principles of Knowledge 
		  Representation and Reasoning: Proceedings of the 
		  4th International Conference (KR-94)",
  year = 	1994,
  editor = 	"J. Doyle and E. Sandewall and P. Torasso",
  publisher = 	kauf,
  address = 	"Bonn, Germany",
  month = 	may
}

@Proceedings{kr96,
  key = "KR-96",
  title = 	"Principles of Knowledge 
		  Representation and Reasoning: Proceedings of the 
		  5th International Conference (KR-96)",
  booktitle = 	"Principles of Knowledge 
		  Representation and Reasoning: Proceedings of the 
		  5th International Conference (KR-96)",
  year = 	1996,
  editor = 	"L. C. Aiello and J. Doyle and S. Shapiro",
  publisher = 	kauf,
  address = 	"Cambridge, MA",
  month = 	may
}

@Proceedings{kr98,
  key = "KR-98",
  title = 	"Principles of Knowledge 
		  Representation and Reasoning: Proceedings of the 
		  6th International Conference (KR-98)",
  booktitle = 	"Principles of Knowledge 
		  Representation and Reasoning: Proceedings of the 
		  6th International Conference (KR-98)",
  year = 	1998,
  editor = 	"A. Cohn and  L. Schubert and S. Shapiro",
  publisher = 	kauf,
  address = 	"Trento, Italy",
  month = 	may
}

@Proceedings{kr00,
  key = "KR-00",
  title = 	"Principles of Knowledge 
		  Representation and Reasoning: Proceedings of the 
		  7th International Conference (KR-00)",
  booktitle = 	"Principles of Knowledge 
		  Representation and Reasoning: Proceedings of the 
		  7th International Conference (KR-00)",
  year = 	2000,
  editor = 	"A. Cohn and  F. Giunchiglia and B. Selman",
  publisher = 	kauf,
  address = 	"Breckenridge, CO, USA",
  month = 	apr
}

@proceedings{kr12,
  editor    = {Gerhard Brewka and
               Thomas Eiter and
               Sheila A. McIlraith},
  title     = {Principles of Knowledge Representation and Reasoning: Proceedings
               of 13th International Conference (KR'12)},
  publisher = {{AAAI} Press},
  year      = {2012},
  isbn      = {978-1-57735-560-1},
}

%%%%% LICS %%%%%
%%%%%%%%%%%%%%%%



@Proceedings{lics86,
  key = 	 "LICS-86",
  title = 	 "Proceedings of the 1st IEEE Symposium on Logic in 
		  Computer Science (LICS-86)",
  booktitle = 	 "Proceedings of the 1st IEEE Symposium on Logic in 
		  Computer Science (LICS-86)",
  year = 	 1986,
  editor = 	 "",
  publisher = "",
  organization = "",
  address = 	 "Boston, MA",
  month = 	 "",
}

@Proceedings{lics90,
  key = 	 "LICS-90",
  title = 	 "Proceedings of the 5th IEEE Symposium on Logic in 
		  Computer Science (LICS-90)",
  booktitle = 	 "Proceedings of the 5th IEEE Symposium on Logic in 
		  Computer Science (LICS-90)",
  year = 	 1986,
  editor = 	 "",
  publisher = "",
  organization = "",
  address = 	 "Philadelphia, PA",
  month = 	 "",
}

%%%%% PODS %%%%%
%%%%%%%%%%%%%%%%



@Proceedings{pods88,
  title = 	 {Proceedings of the 7th ACM SIGACT-SIGMOD-SIGART Symposium
                  on Principles of Database-Systems (PODS-88)},
  booktitle = 	 {Proceedings of the 7th ACM SIGACT-SIGMOD-SIGART Symposium
                  on Principles of Database-Systems (PODS-88)},
  year = 	 {1988},
  key =		 {PODS-88},
  editor = 	 {},
  publisher = {},
  organization = {},
  address = 	 {},
  month = 	 {},
}

@Proceedings{pods89,
  key = 	 "PODS-89",
  title = 	 "Proceedings of the 8th ACM SIGACT-SIGMOD-SIGART Symposium
                  on Principles of Database-Systems (PODS-89)",
  booktitle = 	 "Proceedings of the 8th ACM SIGACT-SIGMOD-SIGART Symposium
                  on Principles of Database-Systems (PODS-89)",
  year = 	 1989,
  editor = 	 "",
  publisher = "",
  organization = "",
  address = 	 "Philadelphia, PA",
  month = 	 "",
}

@Proceedings{pods90,
  key = 	 "PODS-90",
  title = 	 "Proceedings of the 9th ACM SIGACT-SIGMOD-SIGART Symposium
                  on Principles of Database-Systems (PODS-90)",
  booktitle = 	 "Proceedings of the 9th ACM SIGACT-SIGMOD-SIGART Symposium
                  on Principles of Database-Systems (PODS-90)",
  year = 	 1990,
  editor = 	 "",
  publisher = "",
  organization = "",
  address = 	 "",
  month = 	 "",
}

@Proceedings{pods92,
  key = 	 "PODS-92",
  title = 	 "Proceedings of the 11th ACM SIGACT-SIGMOD-SIGART Symposium
                  on Principles of Database-Systems (PODS-92)",
  booktitle = 	 "Proceedings of the 11th ACM SIGACT-SIGMOD-SIGART Symposium
                  on Principles of Database-Systems (PODS-92)",
  year = 	 1992,
  editor = 	 "",
  publisher = "",
  organization = "",
  address = 	 "",
  month = 	 "",
}

@Proceedings{pods95,
  key = 	 "PODS-95",
  title = 	 "Proceedings of the 14th ACM SIGACT-SIGMOD-SIGART Symposium
                  on Principles of Database-Systems (PODS-95)",
  booktitle = 	 "Proceedings of the 14th ACM SIGACT-SIGMOD-SIGART Symposium
                  on Principles of Database-Systems (PODS-95)",
  year = 	 1995,
  editor = 	 "",
  publisher = "",
  organization = "",
  address = 	 "",
  month = 	 "",
}

%%%%% POPL %%%%%
%%%%%%%%%%%%%%%%

@Proceedings{popl87,
  key = 	 "POPL-87",
  title = 	 "Proceedings of the 14th ACM Symposium on Principles of
		Programming Languages (POPL-87)",
  booktitle = 	 "Proceedings of the 14th ACM Symposium on Principles of
		Programming Languages (POPL-87)",
  year = 	 "1987",
  editor = 	 "",
  publisher = "",
  organization = "ACM",
  address = 	 "Munich, Germany",
  month = 	 Jan,
  ISBN = 	 "",
}


@Proceedings{popl89,
  key = 	 "POPL-89",
  title = 	 "Proceedings of the 16th ACM Symposium on Principles of
		Programming Languages (POPL-89)",
  booktitle = 	 "Proceedings of the 16th ACM Symposium on Principles of
		Programming Languages (POPL-89)",
  year = 	 "1989",
  editor = 	 "",
  publisher = "",
  organization = "",
  address = 	 "",
  month = 	 Jan,
  ISBN = 	 "",
}

%%%%% SCAI %%%%%
%%%%%%%%%%%%%%%%

@Proceedings{scai88,
  Key = "SCAI-88",
  title = 	"Proceedings of the First Scandinavian Conference on
		 Artificial Intelligence (SCAI'88)",
  booktitle = 	"Proceedings of the First Scandinavian Conference on
		 Artificial Intelligence (SCAI'88)",
  year = 	"1988",
  editor = 	"T. Danielsen",
  publisher = 	"IOS, Amsterdam",
  address = 	"Troms{\o}, Norway",
  month = 	Mar
}


@Proceedings{scai89,
  Key = "SCAI-89",
  title = 	"Proceedings of the Second Scandinavian Conference on
		 Artificial Intelligence (SCAI-89)",
  booktitle = 	"Proceedings of the Second Scandinavian Conference on
		 Artificial Intelligence (SCAI-89)",
  year = 	"1989",
  editor = 	"Hannu Jaakkola and Seppo Linnainmaa",
  address = 	"Tampere, Finland",
  month = 	Jun,
  note = 	""
}


%%%%% SIGMOD %%%
%%%%%%%%%%%%%%%%

@Proceedings{sigmod86,
  key = 	 "SIGMOD-86",
  title = 	 "Proceedings of the 1986 ACM SIGMOD International 
		  Conference on Mangement of Data",
  booktitle = 	 "Proceedings of the 1986 ACM SIGMOD International 
		  Conference on Mangement of Data",
  year = 	 1986,
  editor = 	 "",
  publisher = "",
  organization = "",
  address = 	 "",
  month = 	 "",
}


@Proceedings{sigmod88,
  key = 	 "SIGMOD-88",
  title = 	 "Proceedings of the 1988 ACM SIGMOD International 
		  Conference on Mangement of Data",
  booktitle = 	 "Proceedings of the 1988 ACM SIGMOD International 
		  Conference on Mangement of Data",
  year = 	 1988,
  editor = 	 "",
  publisher = "",
  organization = "",
  address = 	 "Chicago, IL",
  month = 	 "",
}

@Proceedings{sigmod89,
  key = 	 "SIGMOD-89",
  title = 	 "Proceedings of the 1989 ACM SIGMOD International 
		  Conference on Mangement of Data",
  booktitle = 	 "Proceedings of the 1989 ACM SIGMOD International 
		  Conference on Mangement of Data",
  year = 	 1989,
  editor = 	 "",
  publisher = "",
  organization = "",
  address = 	 "Portland, OR",
  month = 	 "",
}

@Proceedings{sigmod93,
  key = 	 "SIGMOD-93",
  title = 	 "Proceedings of the 1993 ACM SIGMOD International 
		  Conference on Mangement of Data",
  booktitle = 	 "Proceedings of the 1993 ACM SIGMOD International 
		  Conference on Mangement of Data",
  year = 	 1993,
  editor = 	 "",
  publisher = "",
  organization = "",
  address = 	 "Washington, D.C.",
  month = 	 may,
}



%%%%% STACS %%%%
%%%%%%%%%%%%%%%%

@Proceedings{stacs93,
  key = 	 "STACS-93",
  title = 	 "Proceedings Tenth Symposium on Theoretical Aspects
		  of Computing (STACS-93)",
  booktitle = 	 "Proceedings Tenth Symposium on Theoretical Aspects
		  of Computing (STACS-93)",
  year = 	 "1993",
  editor = 	 "P. Enjalbert and A. Finkel and K. W. Wagner",
  publisher = spring,
  address = 	 "W{\"u}rzburg, Germany",
  month = 	 Feb,
  ISBN = 	 "",
}



%%%%% TARK %%%%%
%%%%%%%%%%%%%%%%



@Proceedings{tark86,
  key = 	 "TARK-86",
  booktitle = 	 "Theoretical Aspects of Reasoning About Knowledge:
		    Proceedings of the 1986 Conference (TARK-86)",
  title = 	 "Theoretical Aspects of Reasoning About Knowledge:
		    Proceedings of the 1986 Conference (TARK-86)",
  year = 	 1986,
  editor = 	 "J. Y. Halpern",
  publisher =    kauf,
  address = 	 "Monterey, CA",
  month = 	 Mar
}



@Proceedings{tark88,
  key = 	 "TARK-88",
  booktitle = 	 "Theoretical Aspects of Reasoning about Knowledge:
                  Proceedings of the Second Conference (TARK-88)",
                    
  title = 	 "Theoretical Aspects of Reasoning about Knowledge:
                  Proceedings of the Second Conference (TARK-88)",
  year = 	 1988,
  editor = 	 "",
  publisher =    kauf,
  address = 	 "Asilomar, CA",
  month = 	 ""
}

@Proceedings{tark90,
  key = 	 "TARK-90",
  booktitle = 	 "Theoretical Aspects of Reasoning about Knowledge:
                  Proceedings of the Third Conference (TARK-90)",
  title = 	 "Theoretical Aspects of Reasoning about Knowledge:
                  Proceedings of the Third Conference (TARK-90)",
  year = 	 1990,
  editor = 	 "R. Parikh",
  publisher =    kauf,
  address = 	 "Pacific Grove, CA",
  month = 	 Mar
}




%%%% TINLAP %%%%%
%%%%%%%%%%%%%%%%%



@Proceedings{tinlap87,
  key = 	 "TINLAP-87",
  title = 	 "Theoretical Issues in Natural Language Processing
		  (TINLAP-87)",
  booktitle = 	 "Theoretical Issues in Natural Language Processing
		  (TINLAP-87)",
  year = 	 "1987",
  editor = 	 "Wilks, Y.",
  publisher =    erl,
  address = 	 "",
  ISBN = 	 "",
  note = 	 "",
  location = "DFKI",
}

@Proceedings{tinlap90,
  key = 	 "TINLAP-90",
  title = 	 "Theoretical Issues in Natural Language Processing
		  (TINLAP-90)",
  booktitle = 	 "Theoretical Issues in Natural Language Processing
		  (TINLAP-90)",
  year = 	 "1990",
  editor = 	 "Wilks, Y.",
  publisher =    erl,
  address = 	 "",
  ISBN = 	 "",
  note = 	 "",
  location = "DFKI",
}

%%%%% UAI %%%%%%%
%%%%%%%%%%%%%%%%%


@Proceedings{uai94,
  title = 	 "Proceedings of the 10th International Conference on 
                  Uncertainty in AI (UAI-94)",
  booktitle = 	 "Proceedings of the 10th International Conference on 
                  Uncertainty in AI (UAI-94)",
  year = 	 "1994",
  editor = 	 "",
  volume = 	 "",
  publisher = "",
  address =	 "Seattle, WA",
  month = 	 "",
  note = 	 "",
  annote = 	 ""
}


@Proceedings{uai96,
  title = 	 "Proceedings of the 12th International Conference on 
                  Uncertainty in AI (UAI-96)",
  booktitle = 	 "Proceedings of the 12th International Conference on 
                  Uncertainty in AI (UAI-96)",
  year = 	 "1996",
  editor    = {Eric Horvitz and
               Finn Verner Jensen},
  publisher = {Morgan Kaufmann},
  address = 	"Portland, Oregon, USA",
  month = 	Aug,
}

@Proceedings{uai02,
  title = 	 "Proceedings of the 18th International Conference on 
                  Uncertainty in AI (UAI-02)",
  booktitle = 	 "Proceedings of the 18th International Conference on 
                  Uncertainty in AI (UAI-02)",
  year = 	 "2002",
  editor    = {Adnan Darwiche and
               Nir Friedman},
  publisher = {Morgan Kaufmann},
  address = 	"Edmonton, Alberta, Canada",
  month = 	Aug,
}

@proceedings{uai04,
  editor    = {David Maxwell Chickering and
               Joseph Y. Halpern},
  title     = {Proceedings of the 20th Conference on Uncertainty
               in Artificial Intelligence (UAI'04)},
  booktitle = {Proceedings of the 20th Conference on Uncertainty
               in Artificial Intelligence (UAI'04)},
  publisher = {AUAI Press},
  year      = {2004},
  address = 	"Banff, Canada",
  month = 	Jul,
}

@proceedings{uai12,
  editor    = {Nando de Freitas and
               Kevin P. Murphy},
  title     = {Proceedings of the 28th Conference on Uncertainty
               in Artificial Intelligence (UAI'12)},
  booktitle     = {Proceedings of the 28th Conference on Uncertainty
               in Artificial Intelligence (UAI'12)},
  publisher = {AUAI Press},
  year      = {2012},
  address = 	"Catalina Island, CA, USA",
  month = 	Aug,
}

@proceedings{uai13,
  editor    = {Ann Nicholson and Padhraic Smyth},
  title     = {Proceedings of the 29th Conference on Uncertainty
               in Artificial Intelligence (UAI'13)},
  booktitle     = {Proceedings of the 29th Conference on Uncertainty
               in Artificial Intelligence (UAI'13)},
  publisher = {AUAI Press},
  year      = {2013},
  address = 	"Bellevue, WA, USA",
  month = 	Jul,
}

@proceedings{uai17,
  editor    = {Gal Elidan and
               Kristian Kersting and
               Alexander T. Ihler},
  title     = {Proceedings of the 33rd Conference on Uncertainty
               in Artificial Intelligence (UAI'17)},
  booktitle     = {Proceedings of the 33rd Conference on Uncertainty
               in Artificial Intelligence (UAI'17)},
  publisher = {{AUAI} Press},
  year      = {2017},
}

%%%%% VLDB %%%%%%
%%%%%%%%%%%%%%%%%


@Proceedings{vldb80,
  key = 	 "VLDB-80",
  title = 	 "Proceedings of the 6th VLDB",
  year = 	 1980,
  editor = 	 "",
  publisher = "",
  organization = "",
  address = 	 "",
  month = 	 "",
}

@Proceedings{vldb81,
  key = 	 "VLDB-81",
  title = 	 "Proceedings of the 7th VLDB",
  year = 	 1981,
  editor = 	 "",
  publisher = "",
  organization = "",
  address = 	 "",
  month = 	 "",
}

@Proceedings{vldb85,
  key = 	 "VLDB-85",
  title = 	 "Proceedings of the 11th VLDB",
  year = 	 1985,
  editor = 	 "",
  publisher = "",
  organization = "",
  address = 	 "",
  month = 	 "",
}
@Proceedings{vldb87,
  key = 	 "VLDB-87",
  title = 	 "Proceedings of the 13th VLDB",
  year = 	 1987,
  editor = 	 "",
  publisher = "",
  organization = "",
  address = 	 "Brighton, UK",
  month = 	 "",
}


%%%% Workshops %%%%%
%%%%%%%%%%%%%%%%%%%%




@Proceedings{fasn89,
  key = 	 "FASN-89",
  title = 	 "Preprints of the Workshop on Formal Aspects of 
		  Semantic Networks",
  year = 	 1989,
  editor = 	 "",
  publisher = "",
  organization = "",
  address = 	 "Two Harbors, CA",
  month = 	 "",
}

@Proceedings{tl-user:91,
  title   = "Terminological Logic Users Workshop -- Proceedings",
  booktitle   = "Terminological Logic Users Workshop -- Proceedings",
  year = 1991,
  month = dec,
  editor = "Christof Peltason and Kai von Luck and Carsten
		  Kindermann",
  address = tubort,
  note = {Published as KIT Report 95}}

@Proceedings{tl-workshop:91,
	editor = {Nebel, Bernhard and Christof Peltason and von Luck, Kai},
	booktitle = {International Workshop on Terminological Logics},
	title = {International Workshop on Terminological Logics},
	YEAR = 1991,
	month = may,
	address = {Schlo{\ss} Dagstuhl},
        NOTE = {Published as a KIT Report, TU Berlin,
		  IWBS Report, IBM
		  Germany, Stuttgart, and DFKI Document, DFKI,
		  Kaiserlautern \& Saarbr{\"u}cken}
}


@Proceedings{raap86,
  title = 	 "Reasoning about Actions and Plans: Proceedings of
		  the 1986 Workshop ",
  booktitle = 	 "Reasoning about Actions and Plans: Proceedings of
		  the 1986 Workshop ",
  year = 	 1986,
  editor = 	 "Georgeff, M. P. and A. Lansky",
  publisher = kauf,
  address = 	 "Timberline, OR",
  month = 	 jun,
}


@Proceedings{aaai-92:tractability,
  key =          "AAAI-WS",
  title = 	 "AAAI-92 Workshop on Tractable Reasoning",
  booktitle = 	 "AAAI-92 Workshop on Tractable Reasoning",
  year = 	 1992,
  address = 	 "San Jose, CA",
  month = 	 Jul,
}

@Booklet{sigart:bulletin:91,
  key =          "Sigart Bulletin",
  title = 	 "Special Issue on Implemented Knowledge
		  Representation and Reasoning Systems",
  publisher = 	 "ACM Press",
  year = 	 1991,
  month =        Jun,
  volume = 	 2,
  number = 	 3,
  series = 	 "SIGART Bulletin"
}

@Proceedings{ikrrs:aaai-sss-91,
  key =          "AAAI Spring Symp. Imp. KR '91",
  title =        "Working Notes of the {AAAI Spring Symposium} on
		  Implemented Knowledge Representation and Reasoning Systems",
  booktitle = 	 "Working Notes of the {AAAI Spring Symposium} on
		  Implemented Knowledge Representation and Reasoning Systems",
  year = 	 1991,
  address = 	 "Stanford University, Stanford, CA",
  month = 	 "March",
  location =     "proc"
}

@Proceedings{reuse-proc-92,
  key = "AAAI Spring Symp. REUSE '92",
  booktitle = {Working Notes of the {AAAI Spring Symposium} 
                ``Computational Considerations in Supporting
		  Incremental Modification and Reuse''}, 
  title = {Working Notes of the {AAAI Spring Symposium} 
                ``Computational Considerations in Supporting
		  Incremental Modification and Reuse''}, 
  ADDRESS = {Stanford University},
  Month = mar,
  YEAR = 1992}



@Proceedings{idl:aaai-fss-92,
  key =          "AAAI Fall Symp. DL 92",
  title =        "Working Notes of the {AAAI Fall Symposium} on Issues
		  in Description Logics: Users meet Developers",
  booktitle = 	 "Working Notes of the {AAAI Fall Symposium} on Issues
		  in Description Logics: Users meet Developers",
  year = 	 1992,
  address = 	 "Royal Sonesta Hotel, Cambridge, MA",
  month = 	 "October"
}


@Proceedings{beyond:seq:ws:ecai-92,
  title = 	 "Beyond Sequential Planning, ECAI-92 Workshop Notes",
  booktitle = 	 "Beyond Sequential Planning, ECAI-92 Workshop Notes",
  year = 	 1992,
  editor = 	 "G. Gro{\ss}e",
  month = 	 aug,
}



@Proceedings{ecp97,
  title = 	 {Proceedings of the 4th European 
                  Conference on Planning (ECP'97)}, 
  booktitle = 	 {Proceedings of the 4th European 
                  Conference on Planning (ECP'97)}, 
  year = 	 {1997},
  editor =	 {S. Steel and R. Alami},
  publisher =	 spring,
}

@Proceedings{ecp99,
  title = 	 {Proceedings of the 5th European 
                  Conference on Planning (ECP'99)},
  booktitle = 	 {Proceedings of the 5th European 
                  Conference on Planning (ECP'99)},
  year = 	 {1999},
  editor =	 {S. Biundo and M. Fox},
  publisher =	 spring,
}

@Proceedings{ecp01,
  title = 	 {Proceedings of the 6th European 
                  Conference on Planning (ECP'01)},
  booktitle = 	 {Proceedings of the 6th European 
                  Conference on Planning (ECP'01)},
  year = 	 {2001},
  editor =       {A. Cesta and D. Borrajo},
  publisher =	 spring,
}

@Proceedings{ewsp91,
  key = "EWSP-91",
  title = 	"Proceedings of the 1st European Workshop on Planning",
  booktitle = 	"Proceedings of the 1st European Workshop on Planning",
  editor = 	"Hertzberg, J.",
  year = 	1991,
  address = 	"Sankt Augustin, Germany",
  month = 	Aug,
}

@Proceedings{ewsp93,
  key = "EWSP-93",
  title = 	"Current Trends in AI Planning (EWSP'93)",
  booktitle = 	"Current Trends in AI Planning (EWSP'93)",
  editor = 	"B{\"a}ckstr{\"o}m, C. and E. Sandewall",
  year = 	1994,
  address = 	"Amsterdam, The Netherlands",
  publisher =   "{IOS Press}",
}

@Proceedings{ewsp95,
  key = "EWSP-95",
  title = 	"New Directions in AI Planning (EWSP'95)",
  booktitle = 	"New Directions in AI Planning (EWSP'95)",
  editor = 	"M. Ghallab and A. Milani",
  year = 	1996,
  address = 	"Amsterdam, The Netherlands",
  publisher =   "{IOS Press}",
}


@Proceedings{frame87,
  title = 	 "The Frame Problem in Artificial Intelligence",
  booktitle = 	 "The Frame Problem in Artificial Intelligence",
  year = 	 "1987",
  editor = 	 "F. Brown",
  publisher = kauf,
  address = 	 nkaufort,
}

@Book{robocup97-springer,
  title = 	 {{RoboCup-97}: Robot Soccer World Cup I },
  booktitle = 	 {{RoboCup-97}: Robot Soccer World Cup I },
  publisher = 	 spring,
  year = 	 {1998},
  key =		 {ROBOCUP-97},
  editor =	 {H. Kitano},
  volume =	 {1395},
  series =	 lnai,
  address =	 springort,
}

@Proceedings{robocup98ws,
  title = 	 {{RoboCup-98}: Robot Soccer World Cup {II}. Proceedings of the second RoboCup Workshop},
  booktitle = 	 {{RoboCup-98}: Robot Soccer World Cup {II}. Proceedings of the second RoboCup Workshop},
  editor =	 {M. Asada},
  year = 	 1998,
  key =		 {ROBOCUP-98},
  address =	 {Paris, France},
  month =	 Jul
}

@Book{robocup98-springer,
  title = 	 {{RoboCup-98}: Robot Soccer World Cup {II}},
  booktitle = 	 {{RoboCup-98}: Robot Soccer World Cup {II}},
  publisher = 	 spring,
  year = 	 {1999},
  editor =	 {M. Asada and H. Kitano},
  volume = 	 {},
  series =	 lnai,
  address =	 springort,
  annote = 	 {}
}



@Book{robocup99-springer,
  editor =	 {M. Veloso and  E. Pagello and H. Kitano},
  title = 	 {{RoboCup-99}: Robot Soccer World Cup {III}},
  booktitle = 	 {{RoboCup-99}: Robot Soccer World Cup {III}},
  publisher = 	 spring,
  year = 	 {1999},
  volume = 	 {},
  series = 	 lnai,
  address =	 springort,
}

@Book{arv90,
  editor =       {I. J. Cox and G. T. Wilfong},
  title =        {Autonomous Robot Vehicles},
  booktitle =    {Autonomous Robot Vehicles},
  publisher =    spring,
  address =	 springort,
  year =         {1990}
}

	

@Proceedings{sat03,
  key = "SAT-03",
  title = 	"Proceedings of the 6th International Conference on Theory and Applications of Satisfiability Testing (SAT-03)",
  booktitle = 	"Proceedings of the 6th International Conference on Theory and Applications of Satisfiability Testing (SAT-03)",
  editor = 	"Enrico Giunchiglia",
  year = 	2003,
  address = 	"Portofino, Italy",
  month = 	May,
}
 
 
@Proceedings{sat04,
  key = "SAT-04",
  title = 	"Proceedings of the 7th International Conference on Theory and Applications of Satisfiability Testing (SAT-04)",
  booktitle = 	"Proceedings of the 7th International Conference on Theory and Applications of Satisfiability Testing (SAT-04)",
  year = 	2004,
  address = 	"Vancouver, BC, Canada",
  month = 	May,
}
 
 
 
 
  booktitle =    {(Online) Proceedings of the 7th International Conference on Theory and Applications of Satisfiability Testing (SAT)},
  year = 	 {2004},
  address = {Vancouver, BC, Canada}




@Proceedings{icws03,
  key = 	 "ICWS-03",
  title = 	 "Proceedings of the 1st International Conference on Web Services (ICWS-03)",
  booktitle = 	 "Proceedings of the 1st International Conference on Web Services (ICWS-03)",
  year = 	 2003,
  editor = 	 "Liang-Jie Zhang and Jen-Yao Chung",
  publisher = "CSREA Press",
  OPTorganization = "",
  address = 	 "Las Vegas, Nevada, USA",
  OPTmonth = 	 Jun,
}


@Proceedings{icws04,
  key = 	 "ICWS-04",
  title = 	 "Proceedings of the 2nd International Conference on Web Services (ICWS-04)",
  booktitle = 	 "Proceedings of the 2nd International Conference on Web Services (ICWS-04)",
  year = 	 2004,
  editor = 	 "Hemant Jain and Ling Liu",
  publisher = "IEEE Computer Society",
  OPTorganization = "",
  address = 	 "San Diego, California, USA",
  OPTmonth = 	 Jun,
}

@Proceedings{icws05,
  key = 	 "ICWS-05",
  title = 	 "Proceedings of the 3rd International Conference on Web Services (ICWS-05)",
  booktitle = 	 "Proceedings of the 3rd International Conference on Web Services (ICWS-05)",
  year = 	 2005,
  editor = 	 "Jianwen Su and Malu Castellanos",
  publisher = "IEEE Computer Society",
  OPTorganization = "",
  address = 	 "Orlando, FL, USA",
  OPTmonth = 	 Jul,
}


@Proceedings{iswc06,
  key = 	 "ISWC-06",
  title = 	 "Proceedings of the 5th International Semantic Web Conference (ISWC-06)",
  booktitle = 	 "Proceedings of the 5th International Semantic Web Conference (ISWC-06)",
  year = 	 2006,
  editor = 	 "Isabel Cruz and Stefan Decker",
  publisher = spring,
  OPTorganization = "",
  address = 	 "Athens, Georgia, USA",
  OPTmonth = 	 Nov,
}

@Proceedings{icws07,
  key = 	 "ICWS-07",
  title = 	 "Proceedings of the 5th International Conference on Web Services (ICWS-07)",
  booktitle = 	 "Proceedings of the 5th International Conference on Web Services (ICWS-07)",
  year = 	 2007,
  editor = 	 "Liang-Jie Zhang and Kenneth P. Birman",
  publisher = "IEEE Computer Society",
  OPTorganization = "",
  address = 	 "Salt Lake City, Utah, USA",
  OPTmonth = 	 Jun,
}




@Proceedings{vlsi91,
   key		 = {VLSI-91},
   title = {Proceedings of the International Conference on Very Large Scale Integration (VLSI-91)},
   booktitle = {Proceedings of the International Conference on Very Large Scale Integration (VLSI-91)},
   editor    = {Arne Halaas and Peter B. Denyer},
   publisher = {North-Holland},
   series    = {IFIP Transactions},
   volume    = {A-1},
   year      = {1991},
   address	 = {Edinburgh, Scotland}
}




@Proceedings{iccad88,
  key =		"ICCAD-88",
  title =	"Proceedings of the 1988 International Conference on Computer-Aided Design (ICCAD-98)",
  booktitle =	"Proceedings of the 1988 International Conference on Computer-Aided Design (ICCAD-98)",
  publisher =	"{IEEE} Computer Society Press",
  year = 	"1988"
}

@Proceedings{iccad93,
  key =		"ICCAD-93",
  title =	"Proceedings of the 1993 {IEEE}/{ACM} International
		 Conference on Computer-Aided Design (ICCAD-93)",
  booktitle =	"Proceedings of the 1993 {IEEE}/{ACM} International
		 Conference on Computer-Aided Design (ICCAD-93)",
  address =	"Santa Clara, CA, USA",
  OPTmonth =	nov,
  publisher =	"IEEE Computer Society",
  editor =	"Michael R. Lightner and Jochen A. G. Jess",
  year =	"1993"
}


@Proceedings{iscas93,
  key = 	"ISCAS-93",
  title =	"Proceedings of the 1993 IEEE International Symposium on Circuits and Systems (ISCAS-93)",
  booktitle =	"Proceedings of the 1993 IEEE International Symposium on Circuits and Systems (ISCAS-93)",
  publisher =	"IEEE",
  year =	1993,
  address =	"Chicago, IL, USA",
  OPTmont =	"May"
}



@Proceedings{dac90,
  key = 	 "DAC-90",
  title = 	 "Proceedings of the 27th {ACM}/{IEEE} Design Automation Conference (DAC-90)",
  booktitle = 	 "Proceedings of the 27th {ACM}/{IEEE} Design Automation Conference (DAC-90)",
  year = 	 1990,
  publisher =    "IEEE Computer Society Press",
  OPTorganization = "",
  address = 	 "Orlando, FL, USA",
  OPTmonth = 	 Jun,
}

@Proceedings{dac91,
  key = 	 "DAC-91",
  title = 	 "Proceedings of the 28th Conference on Design Automation (DAC-91)",
  booktitle = 	 "Proceedings of the 28th Conference on Design Automation (DAC-91)",
  year = 	 1991,
  publisher =    "ACM",
  OPTorganization = "",
  address = 	 "San Francisco, CA, USA",
  OPTmonth = 	 Jun,
}


@proceedings{dac93,
  editor    = {Alfred E. Dunlop},
  title     = {Proceedings of the 30th Design Automation Conference. Dallas, Texas,
               USA, June 14-18, 1993},
  booktitle     = {Proceedings of the 30th Design Automation Conference. Dallas, Texas,
               USA, June 14-18, 1993},
  publisher = {{ACM} Press},
  year      = {1993},
  isbn      = {0-89791-577-1},
}

@Proceedings{dac01,
  key = 	 "DAC-01",
  title = 	 "Proceedings of the 38th Conference on Design Automation (DAC-01)",
  booktitle = 	 "Proceedings of the 38th Conference on Design Automation (DAC-01)",
  year = 	 2001,
  publisher = "IEEE Computer Society",
  OPTorganization = "",
  address = 	 "Las Vegas, Nevada, USA",
  OPTmonth = 	 Jun,
}



@Proceedings{www02,
  key = 	 "WWW-02",
  title = 	 "Proceedings of the 11th International World Wide Web Conference (WWW-02)",
  booktitle = 	 "Proceedings of the 11th International World Wide Web Conference (WWW-02)",
  year = 	 2002,
  editor = "Arun Iyengar and Dave De Roure",
  publisher = "ACM",
  OPTorganization = "",
  address = 	 "Honolulu, Hawaii, USA",
  OPTmonth = 	 May,
}

@Proceedings{www09,
  key = 	 "WWW-09",
  title = 	 "Proceedings of the 18th International World Wide Web Conference (WWW'09)",
  booktitle = 	 "Proceedings of the 18th International World Wide Web Conference (WWW'09)",
  year = 	 2009,
  editor = "Yoelle Maarek and Wolfgang Nejdl",
  publisher = "ACM",
  address = 	 "Madrid, Spain",
}

@proceedings{tacas01,
  editor    = {Tiziana Margaria and
               Wang Yi},
  title =       "Proceedings of the 7th International Conference on
                 Tools and Algorithms for the Construction and
                 Analysis of Systems (TACAS'01)",
  booktitle =   "Proceedings of the 7th International Conference on
                 Tools and Algorithms for the Construction and
                 Analysis of Systems (TACAS'01)",
  publisher = {Springer},
  year      = {2001},
}


@Proceedings{tacas03,
  editor =      "Hubert Garavel and John Hatcliff",
  title =       "Proceedings of the 9th International Conference on
                 Tools and Algorithms for the Construction and
                 Analysis of Systems (TACAS'03)",
  booktitle =   "Proceedings of the 9th International Conference on
                 Tools and Algorithms for the Construction and
                 Analysis of Systems (TACAS'03)",
  publisher =   "Springer-Verlag",
  year =        "2003",
}

@Proceedings{tacas07,
  editor =      "Orna Grumberg and Michael Huth",
  title =       "Proceedings of the 13th International Conference on
                 Tools and Algorithms for the Construction and
                 Analysis of Systems (TACAS'07)",
  booktitle =   "Proceedings of the 13th International Conference on
                 Tools and Algorithms for the Construction and
                 Analysis of Systems (TACAS'07)",
  publisher =   "Springer-Verlag",
  year =        "2007",
}

@Proceedings{tacas08,
  editor =      "C. R. Ramakrishnan and Jakob Rehof",
  title =       "Proceedings of the 14th International Conference on
                 Tools and Algorithms for the Construction and
                 Analysis of Systems (TACAS'08)",
  booktitle =   "Proceedings of the 14th International Conference on
                 Tools and Algorithms for the Construction and
                 Analysis of Systems (TACAS'08)",
  publisher =   "Springer-Verlag",
  year =        "2008",
}

@proceedings{tacas13,
  editor    = {Nir Piterman and
               Scott A. Smolka},
  title =       "Proceedings of the 19th International Conference on
                 Tools and Algorithms for the Construction and
                 Analysis of Systems (TACAS'13)",
  booktitle =   "Proceedings of the 19th International Conference on
                 Tools and Algorithms for the Construction and
                 Analysis of Systems (TACAS'13)",
  publisher =   "Springer-Verlag",
  year      = {2013},
}

@proceedings{tacas15,
  editor    = {Christel Baier and
               Cesare Tinelli},
  title     = {Tools and Algorithms for the Construction and Analysis of Systems
               - 21st International Conference, {TACAS} 2015, Held as Part of the
               European Joint Conferences on Theory and Practice of Software, {ETAPS}
               2015, London, UK, April 11-18, 2015. Proceedings},
  booktitle     = {Tools and Algorithms for the Construction and Analysis of Systems
               - 21st International Conference, {TACAS} 2015, Held as Part of the
               European Joint Conferences on Theory and Practice of Software, {ETAPS}
               2015, London, UK, April 11-18, 2015. Proceedings},
  series    = {Lecture Notes in Computer Science},
  volume    = {9035},
  publisher = {Springer},
  year      = {2015},
  isbn      = {978-3-662-46680-3},
}

@proceedings{cav92,
  editor    = {Gregor von Bochmann and
               David K. Probst},
  title     = {Proceedings of the 4th International Workshop on Computer Aided Verification (CAV'92)},
  booktitle     = {Proceedings of the 4th International Workshop on Computer Aided Verification (CAV'92)},
  publisher = {Springer},
  series    = lncs,
  year      = {1992},
}

@Proceedings{cav97,
  editor    = "Orna Grumberg",
  title     = "Proceedings of the 9th International Conference on
                  Computer Aided Verification (CAV'97)",
  booktitle = "Proceedings of the 9th International Conference on
                  Computer Aided Verification (CAV'97)",
  publisher = "Springer",
  series    = lncs,
  year      = "1997"
}


@proceedings{cav02,
  editor    = {Ed Brinksma and
               Kim Guldstrand Larsen},
  title     = {Proceedings of the 14th International on Conference Computer Aided Verification (CAV'02)},
  booktitle     = {Proceedings of the 14th International on Conference Computer Aided Verification (CAV'02)},
  publisher = {Springer},
  series    = {Lecture Notes in Computer Science},
  volume    = {2404},
  year      = {2002},
}

@Proceedings{cav08,
  editor    = "Aarti Gupta and Sharad Malik",
  title     = "Proceedings of the 20th International Conference on
                  Computer Aided Verification (CAV 2008)",
  booktitle = "Proceedings of the 20th International Conference on
                  Computer Aided Verification (CAV 2008)",
  publisher = "Springer-Verlag",
  series    = lncs,
  volume    = "5123",
  year      = "2008"
}

@proceedings{cav11,
  editor    = {Ganesh Gopalakrishnan and
               Shaz Qadeer},
  title     = {Proceedings of the 23rd International on Conference Computer Aided Verification (CAV'11)},
  booktitle     = {Proceedings of the 23rd International on Conference Computer Aided Verification (CAV'11)},
  publisher = {Springer},
  series    = {Lecture Notes in Computer Science},
  volume    = {6806},
  year      = {2011},
}


@proceedings{cav13,
  editor    = {Natasha Sharygina and
               Helmut Veith},
  title     = {Computer Aided Verification - 25th International Conference, {CAV}
               2013, Saint Petersburg, Russia, July 13-19, 2013. Proceedings},
  series    = {Lecture Notes in Computer Science},
  volume    = {8044},
  publisher = {Springer},
  year      = {2013},
  isbn      = {978-3-642-39798-1},
}

@proceedings{cav17,
  editor    = {Rupak Majumdar and
               Viktor Kuncak},
  title     = {Computer Aided Verification - 29th International Conference, {CAV}
               2017, Heidelberg, Germany, July 24-28, 2017, Proceedings, Part {I}},
  series    = {Lecture Notes in Computer Science},
  volume    = {10426},
  publisher = {Springer},
  year      = {2017},
  isbn      = {978-3-319-63386-2},
}

@Proceedings{mochart06,
  title =        "Proceedings of the 4th Workshop on Model Checking and
                  Artificial Intelligence ({MoChArt 2006})",
  booktitle =    "Proceedings of the 4th Workshop on Model Checking and
                  Artificial Intelligence ({MoChArt 2006})",
  year =         "2006"
}

@Proceedings{icapsws03,
  key = "ICAPS-WS-03",
  editor =       "Stefan Edelkamp and J{\"o}rg Hoffmann",
  title =        "Proceedings of Workshop on the Competition: Impact, Organization, Evaluation, Benchmarks, at ICAPS'03",
  booktitle =        "Proceedings of Workshop on the Competition: Impact, Organization, Evaluation, Benchmarks, at ICAPS'03",
  publisher =    "AAAI Press",
  year =         2003,
  address = "Trento, Italy",
  month = "Jun"
}

@Proceedings{ipc04,
  key = "IPC-04",
  editor =       "Stefan Edelkamp and J{\"o}rg Hoffmann and Michael Littman and 
H{\aa}kan Younes",
  title =        "Proceedings of the 4th International Planning Competition",
  booktitle =        "Proceedings of the 4th International Planning Competition",
  publisher =    "JPL",
  year =         2004,
  address = "Whistler, BC, Canada",
  month = "Jun"
}

@Proceedings{hsdip14,
  title =        "{ICAPS} 2014 Workshop on Heuristics and Search for
                  Domain-Independent Planning (HSDIP'14)",
  booktitle =    "{ICAPS} 2014 Workshop on Heuristics and Search for
                  Domain-Independent Planning (HSDIP'14)",
  year =         "2014"
}

@Proceedings{hdip07,
  title =        "{ICAPS} 2007 Workshop on Heuristics for
                  Domain-Independent Planning: Progress, Ideas,
                  Limitations, Challenges (HDIP'07)",
  booktitle =    "{ICAPS} 2007 Workshop on Heuristics for
                  Domain-Independent Planning: Progress, Ideas,
                  Limitations, Challenges (HDIP'07)",
  year =         "2007"
}

@Proceedings{keps11,
  title =        "{ICAPS} 2011 Workshop on Knowledge Engineering for Planning
                  and Scheduling",
  booktitle =    "{ICAPS} 2011 Workshop on Knowledge Engineering for Planning
                  and Scheduling",
  year =         "2011"
}

@proceedings{cse09,
  title     = {Proceedings of the 12th IEEE International Conference
               on Computational Science and Engineering (CSE'09)},
  booktitle = {Proceedings of the 12th IEEE International Conference
               on Computational Science and Engineering (CSE'09)},
  publisher = {IEEE Computer Society},
  year      = {2009},
}

@Proceedings{sara00,
  editor =       "Berthe Y. Choueiry and Toby Walsh",
  title =        "Proceedings of the 4th International Symposium on
                  Abstraction, Reformulation and Approximation (SARA 2000)",
  booktitle =    "Proceedings of the 4th International Symposium on
                  Abstraction, Reformulation and Approximation (SARA 2000)",
  publisher =    "Springer-Verlag",
  series =       lnai,
  volume =       "1864",
  year =         "2000"
}

@Proceedings{sara07,
  editor =    "Ian Miguel and Wheeler Ruml",
  title =     "Proceedings of the 7th International Symposium on
               Abstraction, Reformulation, and Approximation (SARA-07)",
  booktitle = "Proceedings of the 7th International Symposium on
               Abstraction, Reformulation, and Approximation (SARA-07)",
  publisher = "Springer-Verlag",
  series =    lncs,
  volume =    "4612",
  year =      "2007",
  address =   "Whistler, Canada"
}

@proceedings{icml00,
  editor    = {Pat Langley},
  title     = {Proceedings of the 17th International Conference
               on Machine Learning (ICML-00)},
  booktitle = {Proceedings of the 17th International Conference
               on Machine Learning (ICML-00)},
  publisher = {Morgan Kaufmann},
  year      = {2000},
  address = "Stanford University, Stanford, USA",
  month = "Jun"

}

@proceedings{caepia07,
  editor    = {Daniel Borrajo and
               Luis A. Castillo and
               Juan M. Corchado},
  title     = {Proceedings of the 12th Conference of the
               Spanish Association for Artificial Intelligence},
  publisher = {Springer},
  year      = {2007},
}

@proceedings{emnlp12,
  editor    = {Jun'ichi Tsujii and
               James Henderson and
               Marius Pasca},
  title     = {Proceedings of the 2012 Joint Conference on Empirical Methods in Natural
               Language Processing and Computational Natural Language Learning},
  publisher = {{ACL}},
  year      = {2012},
}

@proceedings{acl08,
  editor    = {Kathleen McKeown and
               Johanna D. Moore and
               Simone Teufel and
               James Allan and
               Sadaoki Furui},
  title     = {Proceedings of the 46th Annual Meeting of the Association
               for Computational Linguistics},
  year      = {2008},
}

@proceedings{acl96,
  editor    = {Aravind K. Joshi and
               Martha Palmer},
  title     = {Proceedings of the 34th Annual Meeting of the Association for Computational Linguistics},
  booktitle     = {Proceedings of the 34th Annual Meeting of the Association for Computational Linguistics},
  publisher = {Morgan Kaufmann / {ACL}},
  year      = {1996},
}


@proceedings{emnlp09,
  title     = {Proceedings of the 2009 Conference on Empirical Methods in Natural
               Language Processing (EMNLP'09)},
  publisher = {{ACL}},
  year      = {2009},
}

@proceedings{acl06,
  editor    = {Nicoletta Calzolari and
               Claire Cardie and
               Pierre Isabelle},
  title     = {Proceedings of the 21st International Conference on Computational Linguistics (ACL'06)},
  booktitle     = {Proceedings of the 21st International Conference on Computational Linguistics (ACL'06)},
  publisher = {{ACL}},
  year      = {2006},
}


@proceedings{emnlp07,
  editor    = {Jason Eisner},
  title     = {EMNLP-CoNLL 2007, Proceedings of the 2007 Joint Conference on Empirical
               Methods in Natural Language Processing and Computational Natural Language
               Learning, June 28-30, 2007, Prague, Czech Republic},
  publisher = {{ACL}},
  year      = {2007},
  url       = {http://www.aclweb.org/anthology/K/K07/},
  timestamp = {Thu, 22 Jan 2015 16:51:46 +0100},
}


@proceedings{eacl03,
  title     = {{EACL} 2003, 10th Conference of the European Chapter of the Association
               for Computational Linguistics, April 12-17, 2003, Agro Hotel, Budapest,
               Hungary},
  publisher = {The Association for Computer Linguistics},
  year      = {2003},
  url       = {http://aclweb.org/anthology-new/E/E03/},
  timestamp = {Thu, 24 May 2012 12:26:23 +0200},
}

@proceedings{acl04,
  editor    = {Donia Scott and
               Walter Daelemans and
               Marilyn A. Walker},
  title     = {Proceedings of the 42nd Annual Meeting of the Association for Computational
               Linguistics (ACL'04)},
  publisher = {{ACL}},
  year      = {2004},
}

@proceedings{ijcnlp05,
  editor    = {Robert Dale and
               Kam{-}Fai Wong and
               Jian Su and
               Oi Yee Kwong},
  title     = {Proceedings of the 2nd International Joint Conference on Natural Language Processing -(IJCNLP'05)},
  publisher = {Springer},
  year      = {2005},
}

@proceedings{inlg04,
  editor    = {Anja Belz and
               Roger Evans and
               Paul Piwek},
  title = {Proceedings of the 3rd International Conference atural Language Generation},
  booktitle = {Proceedings of the 3rd International Conference atural Language Generation},
  series    = {Lecture Notes in Computer Science},
  volume    = {3123},
  publisher = {Springer},
  year      = {2004},
  isbn      = {3-540-22340-1},
}


@proceedings{eswc15,
  editor    = {Fabien Gandon and
               Marta Sabou and
               Harald Sack and
               Claudia d'Amato and
               Philippe Cudr{\'{e}}{-}Mauroux and
               Antoine Zimmermann},
  title     = {Proceedings of the 12th European Semantic Web Conference (ESWC'15)},
  series    = {Lecture Notes in Computer Science},
  volume    = {9088},
  publisher = {Springer},
  year      = {2015},
}

@proceedings{gscl11,
  editor    = {H. Hedeland, T. Schmidt, K. W{\"o}rner},
  title     = {Proceedings of the Conference of the German Society for Computational Linguistics and Language Technology (GSCL)},
  year      = {2011},
}


@proceedings{sara02,
  editor    = {Sven Koenig and
               Robert C. Holte},
  title     = {Abstraction, Reformulation and Approximation, 5th International Symposium,
               {SARA} 2002, Kananaskis, Alberta, Canada, August 2-4, 2002, Proceedings},
  booktitle     = {Abstraction, Reformulation and Approximation, 5th International Symposium,
               {SARA} 2002, Kananaskis, Alberta, Canada, August 2-4, 2002, Proceedings},

  series    = {Lecture Notes in Computer Science},
  volume    = {2371},
  publisher = {Springer},
  year      = {2002},
  isbn      = {3-540-43941-2},
}


@proceedings{setta15,
  editor    = {Xuandong Li and
               Zhiming Liu and
               Wang Yi},
  title     = {Dependable Software Engineering: Theories, Tools, and Applications
               - First International Symposium, {SETTA} 2015, Nanjing, China, November
               4-6, 2015, Proceedings},
  booktitle     = {Dependable Software Engineering: Theories, Tools, and Applications
               - First International Symposium, {SETTA} 2015, Nanjing, China, November
               4-6, 2015, Proceedings},
  series    = {Lecture Notes in Computer Science},
  volume    = {9409},
  publisher = {Springer},
  year      = {2015},
  isbn      = {978-3-319-25941-3},
}

@proceedings{sefm14,
  editor    = {Dimitra Giannakopoulou and
               Gwen Sala{\"{u}}n},
  title     = {Software Engineering and Formal Methods - 12th International Conference,
               {SEFM} 2014, Grenoble, France, September 1-5, 2014. Proceedings},
  booktitle     = {Software Engineering and Formal Methods - 12th International Conference,
               {SEFM} 2014, Grenoble, France, September 1-5, 2014. Proceedings},
  series    = {Lecture Notes in Computer Science},
  volume    = {8702},
  publisher = {Springer},
  year      = {2014},
  isbn      = {978-3-319-10430-0},
}

@proceedings{nips17,
  editor    = {Isabelle Guyon and
               Ulrike von Luxburg and
               Samy Bengio and
               Hanna M. Wallach and
               Rob Fergus and
               S. V. N. Vishwanathan and
               Roman Garnett},
  title     = {Proceedings of the 30th Annual Conference
               on Neural Information Processing Systems (NIPS)},
  year      = {2017},
}

@proceedings{hos09,
  editor    = {Armin Biere and
               Marijn Heule and
               Hans van Maaren and
               Toby Walsh},
  title     = {Handbook of Satisfiability},
  series    = {Frontiers in Artificial Intelligence and Applications},
  volume    = {185},
  publisher = {{IOS} Press},
  year      = {2009},
  isbn      = {978-1-58603-929-5},
}

@proceedings{cvpr12,
  title     = {Proceedings of the {IEEE} Conference on Computer Vision and Pattern Recognition (CVPR)},
  publisher = {{IEEE} Computer Society},
  year      = {2012},
  isbn      = {978-1-4673-1226-4},
}

@proceedings{icra14,
  editor    = {William R. Hamel and Jindong Tan},
  title     = {2014 {IEEE} International Conference on Robotics and Automation (ICRA'14)},
  publisher = {{IEEE}},
  year      = {2014},
}


@proceedings{gcai15,
  editor    = {Georg Gottlob and
               Geoff Sutcliffe and
               Andrei Voronkov},
  title     = {Global Conference on Artificial Intelligence, {GCAI} 2015, Tbilisi,
               Georgia, October 16-19, 2015},
  series    = {EPiC Series in Computing},
  volume    = {36},
  year      = {2015},
}


  editor =       "Johannes F{\"u}rnkranz and Tobias Scheffer and
                  Myra Spiliopoulou",
  title =        "Proceedings of the 17th European Conference on Machine
                  Learning (ECML 2006)",
  booktitle =    "Proceedings of the 17th European Conference on Machine
                  Learning (ECML 2006)",
  publisher =    "Springer-Verlag",
  series =       lncs,
  volume =       "4212",
  year =         "2006"
}


@proceedings{ecml09,
  editor    = {Wray L. Buntine and Marko Grobelnik and Dunja Mladenic and John Shawe{-}Taylor},
  booktitle     = {Proceedings of the Machine Learning and Knowledge Discovery in Databases,
                  European Conference, {ECML} {PKDD}},
  series    = lncs,
  volume    = {5781},
  publisher = {Springer},
  year      = {2009},
}
